<?xml version="1.0" encoding="UTF-8"?>
<!DOCTYPE html PUBLIC "-//W3C//DTD XHTML 1.0 Transitional//EN"
    "http://www.w3.org/TR/xhtml1/DTD/xhtml1-transitional.dtd">
<html xmlns="http://www.w3.org/1999/xhtml" xml:lang="en" lang="en">
 <head>
  <title>
</title>
<meta http-equiv="Content-Type" content="text/html;charset=utf-8" />
  <meta name='ocr-system' content='tesseract 3.04.00' />
  <meta name='ocr-capabilities' content='ocr_page ocr_carea ocr_par ocr_line ocrx_word'/>
</head>
<body>
  <div class='ocr_page' id='page_1' title='image "./degestisalexand00rufugoog_0106.png"; bbox 0 0 2274 3772; ppageno 0'>
   <div class='ocr_carea' id='block_1_1' title="bbox 487 148 1016 207">
    <p class='ocr_par' dir='ltr' id='par_1_1' title="bbox 487 148 1016 207">
     <span class='ocr_line' id='line_1_1' title="bbox 487 148 1016 207; baseline 0.002 -2"><span class='ocrx_word' id='word_1_1' title='bbox 487 167 579 207; x_wconf 77' lang='lat' dir='ltr'>arnan</span> <span class='ocrx_word' id='word_1_2' title='bbox 600 167 638 207; x_wconf 77' lang='grc' dir='ltr'>ιν.</span> <span class='ocrx_word' id='word_1_3' title='bbox 977 148 1016 206; x_wconf 80' lang='lat' dir='ltr'>aa</span> 
     </span>
    </p>
   </div>
   <div class='ocr_carea' id='block_1_2' title="bbox 110 272 1018 828">
    <p class='ocr_par' dir='ltr' id='par_1_2' title="bbox 110 272 1018 480">
     <span class='ocr_line' id='line_1_2' title="bbox 110 272 1018 344; baseline 0.001 -20"><span class='ocrx_word' id='word_1_4' title='bbox 110 288 186 325; x_wconf 85' lang='lat' dir='ltr'>mus:</span> <span class='ocrx_word' id='word_1_5' title='bbox 206 289 275 325; x_wconf 89' lang='lat' dir='ltr'>nuuc</span> <span class='ocrx_word' id='word_1_6' title='bbox 286 273 313 326; x_wconf 91' lang='lat' dir='ltr'>iu</span> <span class='ocrx_word' id='word_1_7' title='bbox 326 272 434 326; x_wconf 86' lang='lat' dir='ltr'>sedibus</span> <span class='ocrx_word' id='word_1_8' title='bbox 445 274 538 327; x_wconf 89' lang='lat' dir='ltr'>nostris</span> <span class='ocrx_word' id='word_1_9' title='bbox 550 275 733 344; x_wconf 82' lang='lat' dir='ltr'>propulsamus</span> <span class='ocrx_word' id='word_1_10' title='bbox 745 274 856 327; x_wconf 87' lang='lat' dir='ltr'>illatum.</span> <span class='ocrx_word' id='word_1_11' title='bbox 883 275 1018 328; x_wconf 80' lang='lat' dir='ltr'>lactamur</span> 
     </span>
     <span class='ocr_line' id='line_1_3' title="bbox 111 342 1017 414; baseline 0.002 -20"><span class='ocrx_word' id='word_1_12' title='bbox 111 342 227 394; x_wconf 88' lang='lat' dir='ltr'>invicem</span> <span class='ocrx_word' id='word_1_13' title='bbox 240 342 367 395; x_wconf 88' lang='lat' dir='ltr'>varietata</span> <span class='ocrx_word' id='word_1_14' title='bbox 379 343 506 395; x_wconf 86' lang='lat' dir='ltr'>fortunae.</span> <span class='ocrx_word' id='word_1_15' title='bbox 543 343 674 398; x_wconf 84' lang='lat' dir='ltr'>Videlicet</span> <span class='ocrx_word' id='word_1_16' title='bbox 686 345 837 414; x_wconf 91' lang='lat' dir='ltr'>imperium,</span> <span class='ocrx_word' id='word_1_17' title='bbox 851 345 913 412; x_wconf 90' lang='lat' dir='ltr'>quia</span> <span class='ocrx_word' id='word_1_18' title='bbox 925 355 1017 396; x_wconf 88' lang='lat' dir='ltr'>mutuo</span> 
     </span>
     <span class='ocr_line' id='line_1_4' title="bbox 111 410 574 480; baseline 0.002 -17"><span class='ocrx_word' id='word_1_19' title='bbox 111 410 276 476; x_wconf 79' lang='lat' dir='ltr'>affectamus,</span> <span class='ocrx_word' id='word_1_20' title='bbox 291 429 343 465; x_wconf 87' lang='lat' dir='ltr'>una</span> <span class='ocrx_word' id='word_1_21' title='bbox 354 429 420 480; x_wconf 88' lang='lat' dir='ltr'>gena</span> <span class='ocrx_word' id='word_1_22' title='bbox 432 430 482 464; x_wconf 90' lang='lat' dir='ltr'>uon</span> <span class='ocrx_word' id='word_1_23' title='bbox 495 414 574 480; x_wconf 87' lang='lat' dir='ltr'>capit.</span> 
     </span>
    </p>

    <p class='ocr_par' dir='ltr' id='par_1_3' title="bbox 111 480 1017 828">
     <span class='ocr_line' id='line_1_5' title="bbox 146 480 1016 552; baseline 0.001 -20"><span class='ocrx_word' id='word_1_24' title='bbox 146 485 187 532; x_wconf 80' lang='lat'>55.</span> <span class='ocrx_word' id='word_1_25' title='bbox 206 481 338 552; x_wconf 90' lang='lat' dir='ltr'>Ceterum,</span> <span class='ocrx_word' id='word_1_26' title='bbox 351 480 456 533; x_wconf 85' lang='lat' dir='ltr'>etiamsi</span> <span class='ocrx_word' id='word_1_27' title='bbox 475 498 536 549; x_wconf 90' lang='lat' dir='ltr'>spes</span> <span class='ocrx_word' id='word_1_28' title='bbox 548 500 598 534; x_wconf 90' lang='lat' dir='ltr'>non</span> <span class='ocrx_word' id='word_1_29' title='bbox 611 482 750 552; x_wconf 86' lang='lat' dir='ltr'>subesset‚¹</span> <span class='ocrx_word' id='word_1_30' title='bbox 764 482 908 535; x_wconf 75' lang='lat' dir='ltr'><strong>necessitas</strong></span> <span class='ocrx_word' id='word_1_31' title='bbox 927 491 1016 535; x_wconf 86' lang='lat' dir='ltr'>tamen</span> 
     </span>
     <span class='ocr_line' id='line_1_6' title="bbox 111 549 1017 620; baseline 0.004 -20"><span class='ocrx_word' id='word_1_32' title='bbox 111 549 247 602; x_wconf 86' lang='lat' dir='ltr'>stimulare</span> <span class='ocrx_word' id='word_1_33' title='bbox 271 551 394 603; x_wconf 83' lang='lat' dir='ltr'>deberet:</span> <span class='ocrx_word' id='word_1_34' title='bbox 422 550 455 601; x_wconf 92' lang='lat' dir='ltr'>ad</span> <span class='ocrx_word' id='word_1_35' title='bbox 479 560 599 603; x_wconf 83' lang='lat' dir='ltr'>extrema</span> <span class='ocrx_word' id='word_1_36' title='bbox 625 562 781 620; x_wconf 88' lang='lat' dir='ltr'>perventum</span> <span class='ocrx_word' id='word_1_37' title='bbox 806 561 856 604; x_wconf 83' lang='lat' dir='ltr'>est.</span> <span class='ocrx_word' id='word_1_38' title='bbox 899 551 1017 604; x_wconf 89' lang='lat' dir='ltr'>Matrem</span> 
     </span>
     <span class='ocr_line' id='line_1_7' title="bbox 112 619 1016 690; baseline 0.002 -20"><span class='ocrx_word' id='word_1_39' title='bbox 112 636 209 685; x_wconf 89' lang='lat' dir='ltr'>meam,</span> <span class='ocrx_word' id='word_1_40' title='bbox 228 621 295 672; x_wconf 91' lang='lat' dir='ltr'>duas</span> <span class='ocrx_word' id='word_1_41' title='bbox 311 619 387 687; x_wconf 86' lang='lat' dir='ltr'>filias,</span> <span class='ocrx_word' id='word_1_42' title='bbox 405 620 508 672; x_wconf 85' lang='lat' dir='ltr'><strong>Ochum</strong></span> <span class='ocrx_word' id='word_1_43' title='bbox 527 620 552 670; x_wconf 92' lang='lat' dir='ltr'>in</span> <span class='ocrx_word' id='word_1_44' title='bbox 572 638 648 689; x_wconf 89' lang='lat' dir='ltr'>spem</span> <span class='ocrx_word' id='word_1_45' title='bbox 668 621 746 690; x_wconf 85' lang='lat' dir='ltr'>hujus</span> <span class='ocrx_word' id='word_1_46' title='bbox 767 621 869 689; x_wconf 90' lang='lat' dir='ltr'>imperii</span> <span class='ocrx_word' id='word_1_47' title='bbox 887 621 1016 690; x_wconf 89' lang='lat' dir='ltr'>genitum,</span> 
     </span>
     <span class='ocr_line' id='line_1_8' title="bbox 112 689 1017 759; baseline 0.002 -19"><span class='ocrx_word' id='word_1_48' title='bbox 112 689 250 758; x_wconf 84' lang='lat' dir='ltr'>principes,</span> <span class='ocrx_word' id='word_1_49' title='bbox 264 689 336 742; x_wconf 88' lang='lat' dir='ltr'>illam</span> <span class='ocrx_word' id='word_1_50' title='bbox 354 689 471 741; x_wconf 86' lang='lat' dir='ltr'>sobolem</span> <span class='ocrx_word' id='word_1_51' title='bbox 491 689 579 756; x_wconf 82' lang='lat' dir='ltr'>regiae</span> <span class='ocrx_word' id='word_1_52' title='bbox 598 690 691 759; x_wconf 77' lang='lat' dir='ltr'>stirpis,</span> <span class='ocrx_word' id='word_1_53' title='bbox 705 691 788 743; x_wconf 87' lang='lat' dir='ltr'>duces</span> <span class='ocrx_word' id='word_1_54' title='bbox 807 701 906 742; x_wconf 89' lang='lat' dir='ltr'>vestros</span> <span class='ocrx_word' id='word_1_55' title='bbox 925 707 1017 757; x_wconf 86' lang='lat' dir='ltr'>regum</span> 
     </span>
     <span class='ocr_line' id='line_1_9' title="bbox 113 757 1017 828; baseline 0 -18"><span class='ocrx_word' id='word_1_56' title='bbox 113 760 211 827; x_wconf 81' lang='lat' dir='ltr'>instar,²</span> <span class='ocrx_word' id='word_1_57' title='bbox 229 758 333 811; x_wconf 86' lang='lat' dir='ltr'>vinctos</span> <span class='ocrx_word' id='word_1_58' title='bbox 349 757 444 810; x_wconf 89' lang='lat' dir='ltr'>habet:</span> <span class='ocrx_word' id='word_1_59' title='bbox 471 758 520 810; x_wconf 86' lang='lat' dir='ltr'>nisi</span> <span class='ocrx_word' id='word_1_60' title='bbox 539 758 600 828; x_wconf 91' lang='lat' dir='ltr'>quid</span> <span class='ocrx_word' id='word_1_61' title='bbox 622 758 649 811; x_wconf 88' lang='lat' dir='ltr'>in</span> <span class='ocrx_word' id='word_1_62' title='bbox 666 760 759 828; x_wconf 74' lang='lat' dir='ltr'>vobis,l</span> <span class='ocrx_word' id='word_1_63' title='bbox 776 761 833 828; x_wconf 89' lang='lat' dir='ltr'>ipse</span> <span class='ocrx_word' id='word_1_64' title='bbox 851 776 899 827; x_wconf 89' lang='lat' dir='ltr'>ego</span> <span class='ocrx_word' id='word_1_65' title='bbox 918 759 1017 828; x_wconf 81' lang='lat' dir='ltr'>majora</span> 
     </span>
    </p>
   </div>
   <div class='ocr_carea' id='block_1_3' title="bbox 112 828 1104 897">
    <p class='ocr_par' dir='ltr' id='par_1_4' title="bbox 112 828 1104 897">
     <span class='ocr_line' id='line_1_10' title="bbox 112 828 1104 897; baseline 0 -18"><span class='ocrx_word' id='word_1_66' title='bbox 112 828 177 880; x_wconf 84' lang='lat' dir='ltr'>mei⁴</span> <span class='ocrx_word' id='word_1_67' title='bbox 189 838 263 896; x_wconf 90' lang='lat' dir='ltr'>parte</span> <span class='ocrx_word' id='word_1_68' title='bbox 281 828 401 896; x_wconf 86' lang='lat' dir='ltr'>captivus</span> <span class='ocrx_word' id='word_1_69' title='bbox 419 844 486 879; x_wconf 87' lang='lat' dir='ltr'>sum.</span> <span class='ocrx_word' id='word_1_70' title='bbox 524 829 622 897; x_wconf 84' lang='lat' dir='ltr'>Eripite</span> <span class='ocrx_word' id='word_1_71' title='bbox 641 830 742 881; x_wconf 88' lang='lat' dir='ltr'>viscera</span> <span class='ocrx_word' id='word_1_72' title='bbox 759 829 1015 881; x_wconf 80' lang='lat' dir='ltr'>mea⁶exvrnculisz</span> <span class='ocrx_word' id='word_1_73' title='bbox 1101 830 1104 835; x_wconf 88' lang='lat'>&#39;</span> 
     </span>
    </p>
   </div>
   <div class='ocr_carea' id='block_1_4' title="bbox 109 896 1020 2145">
    <p class='ocr_par' dir='ltr' id='par_1_5' title="bbox 109 896 1020 2145">
     <span class='ocr_line' id='line_1_11' title="bbox 112 896 1016 968; baseline -0.001 -19"><span class='ocrx_word' id='word_1_74' title='bbox 112 899 241 949; x_wconf 75' lang='lat' dir='ltr'>restituite</span> <span class='ocrx_word' id='word_1_75' title='bbox 260 897 327 949; x_wconf 90' lang='lat' dir='ltr'>mihi</span> <span class='ocrx_word' id='word_1_76' title='bbox 344 896 457 965; x_wconf 84' lang='lat' dir='ltr'>pignora,</span> <span class='ocrx_word' id='word_1_77' title='bbox 477 913 522 964; x_wconf 91' lang='lat' dir='ltr'>pro</span> <span class='ocrx_word' id='word_1_78' title='bbox 541 898 637 966; x_wconf 87' lang='lat' dir='ltr'>quibus</span> <span class='ocrx_word' id='word_1_79' title='bbox 654 898 704 966; x_wconf 90' lang='lat' dir='ltr'>ipsi</span> <span class='ocrx_word' id='word_1_80' title='bbox 724 897 790 951; x_wconf 90' lang='lat' dir='ltr'>mori</span> <span class='ocrx_word' id='word_1_81' title='bbox 811 914 862 949; x_wconf 89' lang='lat' dir='ltr'>non</span> <span class='ocrx_word' id='word_1_82' title='bbox 881 899 1016 968; x_wconf 79' lang='lat' dir='ltr'>recusatis,</span> 
     </span>
     <span class='ocr_line' id='line_1_12' title="bbox 114 966 1016 1035; baseline 0.002 -19"><span class='ocrx_word' id='word_1_83' title='bbox 114 976 259 1035; x_wconf 87' lang='lat' dir='ltr'>parentem,</span> <span class='ocrx_word' id='word_1_84' title='bbox 283 967 394 1018; x_wconf 88' lang='lat' dir='ltr'>liberos:</span> <span class='ocrx_word' id='word_1_85' title='bbox 422 983 484 1018; x_wconf 87' lang='lat' dir='ltr'>nam</span> <span class='ocrx_word' id='word_1_86' title='bbox 508 966 648 1035; x_wconf 84' lang='lat' dir='ltr'>conjugem</span> <span class='ocrx_word' id='word_1_87' title='bbox 676 968 703 1019; x_wconf 88' lang='lat' dir='ltr'>in</span> <span class='ocrx_word' id='word_1_88' title='bbox 729 967 773 1019; x_wconf 94' lang='lat' dir='ltr'>illo</span> <span class='ocrx_word' id='word_1_89' title='bbox 796 983 903 1019; x_wconf 86' lang='lat' dir='ltr'>carcere</span> <span class='ocrx_word' id='word_1_90' title='bbox 929 967 1016 1019; x_wconf 90' lang='lat' dir='ltr'>amisi.</span> 
     </span>
     <span class='ocr_line' id='line_1_13' title="bbox 112 1030 1017 1106; baseline -0.001 -18"><span class='ocrx_word' id='word_1_91' title='bbox 112 1036 227 1102; x_wconf 80' lang='lat' dir='ltr'>Credite,</span> <span class='ocrx_word' id='word_1_92' title='bbox 248 1052 317 1087; x_wconf 89' lang='lat' dir='ltr'>nunc</span> <span class='ocrx_word' id='word_1_93' title='bbox 334 1051 427 1086; x_wconf 87' lang='lat' dir='ltr'>omnes</span> <span class='ocrx_word' id='word_1_94' title='bbox 447 1034 494 1086; x_wconf 85' lang='lat' dir='ltr'>hos</span> <span class='ocrx_word' id='word_1_95' title='bbox 512 1035 620 1088; x_wconf 87' lang='lat' dir='ltr'>tendere</span> <span class='ocrx_word' id='word_1_96' title='bbox 638 1030 673 1089; x_wconf 87' lang='lat' dir='ltr'>ad</span> <span class='ocrx_word' id='word_1_97' title='bbox 691 1053 738 1088; x_wconf 92' lang='lat' dir='ltr'>vos</span> <span class='ocrx_word' id='word_1_98' title='bbox 756 1053 859 1105; x_wconf 83' lang='lat' dir='ltr'>manus,</span> <span class='ocrx_word' id='word_1_99' title='bbox 879 1036 1017 1106; x_wconf 86' lang='lat' dir='ltr'>implorare</span> 
     </span>
     <span class='ocr_line' id='line_1_14' title="bbox 114 1104 1016 1184; baseline 0 -28"><span class='ocrx_word' id='word_1_100' title='bbox 114 1105 213 1174; x_wconf 87' lang='lat' dir='ltr'>patrios</span> <span class='ocrx_word' id='word_1_101' title='bbox 224 1104 295 1170; x_wconf 89' lang='lat' dir='ltr'>deos,</span> <span class='ocrx_word' id='word_1_102' title='bbox 308 1121 387 1172; x_wconf 88' lang='lat' dir='ltr'>opem</span> <span class='ocrx_word' id='word_1_103' title='bbox 399 1113 522 1172; x_wconf 87' lang='lat' dir='ltr'>vestram,</span> <span class='ocrx_word' id='word_1_104' title='bbox 536 1105 752 1173; x_wconf 88' lang='lat' dir='ltr'>misericordiam,</span> <span class='ocrx_word' id='word_1_105' title='bbox 766 1105 848 1157; x_wconf 83' lang='lat' dir='ltr'>fidem</span> <span class='ocrx_word' id='word_1_106' title='bbox 865 1122 1016 1184; x_wconf 84' lang='lat' dir='ltr'>exposcere,</span> 
     </span>
     <span class='ocr_line' id='line_1_15' title="bbox 114 1168 1017 1243; baseline 0.001 -18"><span class='ocrx_word' id='word_1_107' title='bbox 114 1183 143 1225; x_wconf 91' lang='lat' dir='ltr'>ut</span> <span class='ocrx_word' id='word_1_108' title='bbox 155 1173 335 1242; x_wconf 86' lang='lat' dir='ltr'>compedibus,</span> <span class='ocrx_word' id='word_1_109' title='bbox 348 1182 376 1225; x_wconf 93' lang='lat' dir='ltr'>ut</span> <span class='ocrx_word' id='word_1_110' title='bbox 389 1174 521 1240; x_wconf 87' lang='lat' dir='ltr'>servitute,</span> <span class='ocrx_word' id='word_1_111' title='bbox 536 1185 563 1226; x_wconf 88' lang='lat' dir='ltr'>ut</span> <span class='ocrx_word' id='word_1_112' title='bbox 581 1176 698 1243; x_wconf 87' lang='lat' dir='ltr'>precario</span> <span class='ocrx_word' id='word_1_113' title='bbox 710 1173 792 1226; x_wconf 82' lang='lat' dir='ltr'>victu⁸</span> <span class='ocrx_word' id='word_1_114' title='bbox 803 1174 874 1242; x_wconf 86' lang='lat' dir='ltr'>ipsos</span> <span class='ocrx_word' id='word_1_115' title='bbox 888 1168 1017 1227; x_wconf 75' lang='lat' dir='ltr'>liberetis.</span> 
     </span>
     <span class='ocr_line' id='line_1_16' title="bbox 114 1242 1017 1313; baseline 0.001 -19"><span class='ocrx_word' id='word_1_116' title='bbox 114 1245 158 1295; x_wconf 87' lang='lat' dir='ltr'>Aa</span> <span class='ocrx_word' id='word_1_117' title='bbox 169 1243 275 1295; x_wconf 88' lang='lat' dir='ltr'>creditis</span> <span class='ocrx_word' id='word_1_118' title='bbox 286 1259 371 1311; x_wconf 86' lang='lat' dir='ltr'>aequo</span> <span class='ocrx_word' id='word_1_119' title='bbox 383 1242 471 1294; x_wconf 89' lang='lat' dir='ltr'>animo</span> <span class='ocrx_word' id='word_1_120' title='bbox 490 1243 531 1294; x_wconf 90' lang='lat' dir='ltr'>hia</span> <span class='ocrx_word' id='word_1_121' title='bbox 543 1243 649 1312; x_wconf 89' lang='lat' dir='ltr'>servire,</span> <span class='ocrx_word' id='word_1_122' title='bbox 663 1260 775 1313; x_wconf 89' lang='lat' dir='ltr'>quorum</span> <span class='ocrx_word' id='word_1_123' title='bbox 787 1260 864 1311; x_wconf 86' lang='lat' dir='ltr'>reges</span> <span class='ocrx_word' id='word_1_124' title='bbox 876 1244 934 1295; x_wconf 72' lang='lat' dir='ltr'>ehoe</span> <span class='ocrx_word' id='word_1_125' title='bbox 947 1242 1017 1295; x_wconf 83' lang='lat' dir='ltr'>lasti-</span> 
     </span>
     <span class='ocr_line' id='line_1_17' title="bbox 112 1311 1018 1383; baseline 0 -19"><span class='ocrx_word' id='word_1_126' title='bbox 112 1311 219 1364; x_wconf 80' lang='lat' dir='ltr'>diuntl⁷</span> <span class='ocrx_word' id='word_1_127' title='bbox 252 1312 337 1364; x_wconf 87' lang='lat' dir='ltr'>Video</span> <span class='ocrx_word' id='word_1_128' title='bbox 357 1313 492 1363; x_wconf 88' lang='lat' dir='ltr'>admoveri</span> <span class='ocrx_word' id='word_1_129' title='bbox 516 1312 632 1366; x_wconf 90' lang='lat' dir='ltr'>hostium</span> <span class='ocrx_word' id='word_1_130' title='bbox 652 1315 754 1366; x_wconf 87' lang='lat' dir='ltr'>aciem:</span> <span class='ocrx_word' id='word_1_131' title='bbox 776 1312 824 1366; x_wconf 87' lang='lat' dir='ltr'>sed</span> <span class='ocrx_word' id='word_1_132' title='bbox 841 1329 894 1382; x_wconf 91' lang='lat' dir='ltr'>quo</span> <span class='ocrx_word' id='word_1_133' title='bbox 913 1312 1018 1383; x_wconf 88' lang='lat' dir='ltr'>pmpius</span> 
     </span>
     <span class='ocr_line' id='line_1_18' title="bbox 112 1380 1018 1452; baseline 0 -19"><span class='ocrx_word' id='word_1_134' title='bbox 112 1381 256 1434; x_wconf 85' lang='lat' dir='ltr'>discrimen</span> <span class='ocrx_word' id='word_1_135' title='bbox 275 1380 382 1448; x_wconf 89' lang='lat' dir='ltr'>accedo,</span> <span class='ocrx_word' id='word_1_136' title='bbox 404 1381 453 1433; x_wconf 91' lang='lat' dir='ltr'>hoc</span> <span class='ocrx_word' id='word_1_137' title='bbox 476 1383 565 1434; x_wconf 89' lang='lat' dir='ltr'>miuus</span> <span class='ocrx_word' id='word_1_138' title='bbox 588 1382 637 1451; x_wconf 85' lang='lat' dir='ltr'>his,</span> <span class='ocrx_word' id='word_1_139' title='bbox 659 1399 727 1452; x_wconf 90' lang='lat' dir='ltr'>quae</span> <span class='ocrx_word' id='word_1_140' title='bbox 748 1381 812 1448; x_wconf 81' lang='lat' dir='ltr'>dixi,</span> <span class='ocrx_word' id='word_1_141' title='bbox 832 1388 939 1450; x_wconf 81' lang='lat' dir='ltr'>possum</span> <span class='ocrx_word' id='word_1_142' title='bbox 958 1397 1018 1434; x_wconf 84' lang='lat' dir='ltr'>esso</span> 
     </span>
     <span class='ocr_line' id='line_1_19' title="bbox 111 1451 1017 1520; baseline -0.001 -17"><span class='ocrx_word' id='word_1_143' title='bbox 111 1461 260 1504; x_wconf 87' lang='lat' dir='ltr'>contentus.</span> <span class='ocrx_word' id='word_1_144' title='bbox 297 1451 347 1502; x_wconf 91' lang='lat' dir='ltr'>Per</span> <span class='ocrx_word' id='word_1_145' title='bbox 365 1467 413 1518; x_wconf 86' lang='lat' dir='ltr'>ego</span> <span class='ocrx_word' id='word_1_146' title='bbox 432 1468 478 1502; x_wconf 90' lang='lat' dir='ltr'>vos</span> <span class='ocrx_word' id='word_1_147' title='bbox 498 1451 564 1503; x_wconf 85' lang='lat' dir='ltr'>deos</span> <span class='ocrx_word' id='word_1_148' title='bbox 583 1453 689 1520; x_wconf 79' lang='lat' dir='ltr'>patrios⁸</span> <span class='ocrx_word' id='word_1_149' title='bbox 706 1461 899 1520; x_wconf 90' lang='lat' dir='ltr'>aeternumque</span> <span class='ocrx_word' id='word_1_150' title='bbox 921 1451 1017 1520; x_wconf 85' lang='lat' dir='ltr'>ignem,</span> 
     </span>
     <span class='ocr_line' id='line_1_20' title="bbox 111 1519 1018 1590; baseline -0.001 -18"><span class='ocrx_word' id='word_1_151' title='bbox 111 1521 158 1589; x_wconf 90' lang='lat' dir='ltr'>qui</span> <span class='ocrx_word' id='word_1_152' title='bbox 179 1521 324 1589; x_wconf 73' lang='lat' dir='ltr'>praefertur</span> <span class='ocrx_word' id='word_1_153' title='bbox 340 1519 474 1589; x_wconf 88' lang='lat' dir='ltr'>altaribus,</span> <span class='ocrx_word' id='word_1_154' title='bbox 493 1520 675 1590; x_wconf 82' lang='lat' dir='ltr'>fulgoremque</span> <span class='ocrx_word' id='word_1_155' title='bbox 694 1522 757 1573; x_wconf 89' lang='lat' dir='ltr'>solis</span> <span class='ocrx_word' id='word_1_156' title='bbox 777 1522 843 1572; x_wconf 83' lang='lat' dir='ltr'>intra</span> <span class='ocrx_word' id='word_1_157' title='bbox 860 1521 928 1573; x_wconf 87' lang='lat' dir='ltr'>fines</span> <span class='ocrx_word' id='word_1_158' title='bbox 946 1521 1018 1588; x_wconf 88' lang='lat' dir='ltr'>regni</span> 
     </span>
     <span class='ocr_line' id='line_1_21' title="bbox 112 1589 1018 1659; baseline 0 -17"><span class='ocrx_word' id='word_1_159' title='bbox 112 1591 169 1642; x_wconf 84' lang='lat' dir='ltr'>mei</span> <span class='ocrx_word' id='word_1_160' title='bbox 185 1590 299 1657; x_wconf 86' lang='lat' dir='ltr'>orientis,</span> <span class='ocrx_word' id='word_1_161' title='bbox 319 1607 365 1658; x_wconf 92' lang='lat' dir='ltr'>per</span> <span class='ocrx_word' id='word_1_162' title='bbox 382 1599 518 1642; x_wconf 87' lang='lat' dir='ltr'>aeternam</span> <span class='ocrx_word' id='word_1_163' title='bbox 538 1593 694 1642; x_wconf 87' lang='lat' dir='ltr'>memoriam</span> <span class='ocrx_word' id='word_1_164' title='bbox 714 1590 783 1659; x_wconf 89' lang='lat' dir='ltr'>Cyri,</span> <span class='ocrx_word' id='word_1_165' title='bbox 796 1590 842 1659; x_wconf 93' lang='lat' dir='ltr'>qui</span> <span class='ocrx_word' id='word_1_166' title='bbox 862 1589 1018 1659; x_wconf 91' lang='lat' dir='ltr'>ademptum</span> 
     </span>
     <span class='ocr_line' id='line_1_22' title="bbox 113 1656 1018 1728; baseline -0.001 -17"><span class='ocrx_word' id='word_1_167' title='bbox 113 1656 204 1712; x_wconf 82' lang='lat' dir='ltr'>Medis</span> <span class='ocrx_word' id='word_1_168' title='bbox 216 1659 350 1728; x_wconf 86' lang='lat' dir='ltr'>Lydisque</span> <span class='ocrx_word' id='word_1_169' title='bbox 369 1658 512 1727; x_wconf 89' lang='lat' dir='ltr'>imperium</span> <span class='ocrx_word' id='word_1_170' title='bbox 529 1663 629 1727; x_wconf 87' lang='lat' dir='ltr'>primus</span> <span class='ocrx_word' id='word_1_171' title='bbox 647 1661 673 1711; x_wconf 88' lang='lat' dir='ltr'>iu</span> <span class='ocrx_word' id='word_1_172' title='bbox 692 1659 828 1712; x_wconf 82' lang='lat' dir='ltr'>Persidem</span> <span class='ocrx_word' id='word_1_173' title='bbox 844 1659 943 1711; x_wconf 89' lang='lat' dir='ltr'>intulit:</span> <span class='ocrx_word' id='word_1_174' title='bbox 964 1660 1018 1710; x_wconf 89' lang='lat' dir='ltr'>viu·</span> 
     </span>
     <span class='ocr_line' id='line_1_23' title="bbox 111 1727 1018 1797; baseline 0 -17"><span class='ocrx_word' id='word_1_175' title='bbox 111 1728 199 1780; x_wconf 84' lang='lat' dir='ltr'>dicate</span> <span class='ocrx_word' id='word_1_176' title='bbox 211 1729 246 1781; x_wconf 87' lang='lat' dir='ltr'>ab</span> <span class='ocrx_word' id='word_1_177' title='bbox 258 1728 351 1780; x_wconf 92' lang='lat' dir='ltr'>ultimo</span> <span class='ocrx_word' id='word_1_178' title='bbox 363 1727 494 1779; x_wconf 88' lang='lat' dir='ltr'>dedecore</span> <span class='ocrx_word' id='word_1_179' title='bbox 508 1744 601 1780; x_wconf 86' lang='lat' dir='ltr'>nomen</span> <span class='ocrx_word' id='word_1_180' title='bbox 621 1739 782 1797; x_wconf 83' lang='lat' dir='ltr'>gentemque</span> <span class='ocrx_word' id='word_1_181' title='bbox 795 1729 942 1780; x_wconf 88' lang='lat' dir='ltr'>Persarum.</span> <span class='ocrx_word' id='word_1_182' title='bbox 980 1729 1018 1780; x_wconf 89' lang='lat' dir='ltr'>lte</span> 
     </span>
     <span class='ocr_line' id='line_1_24' title="bbox 109 1796 1020 1868; baseline 0 -19"><span class='ocrx_word' id='word_1_183' title='bbox 109 1797 213 1850; x_wconf 87' lang='lat' dir='ltr'>alacres</span> <span class='ocrx_word' id='word_1_184' title='bbox 225 1808 252 1850; x_wconf 92' lang='lat' dir='ltr'>et</span> <span class='ocrx_word' id='word_1_185' title='bbox 264 1798 322 1868; x_wconf 85' lang='lat' dir='ltr'>spe⁹</span> <span class='ocrx_word' id='word_1_186' title='bbox 333 1796 412 1865; x_wconf 90' lang='lat' dir='ltr'>pleni,</span> <span class='ocrx_word' id='word_1_187' title='bbox 427 1807 462 1863; x_wconf 93' lang='lat' dir='ltr'>ut,</span> <span class='ocrx_word' id='word_1_188' title='bbox 477 1814 556 1865; x_wconf 86' lang='lat' dir='ltr'>quam</span> <span class='ocrx_word' id='word_1_189' title='bbox 575 1797 684 1864; x_wconf 79' lang='lat' dir='ltr'>gloriam</span> <span class='ocrx_word' id='word_1_190' title='bbox 697 1797 837 1867; x_wconf 87' lang='lat' dir='ltr'>accepistis</span> <span class='ocrx_word' id='word_1_191' title='bbox 848 1814 864 1848; x_wconf 87' lang='lat' dir='ltr'>a</span> <span class='ocrx_word' id='word_1_192' title='bbox 877 1797 1020 1866; x_wconf 86' lang='lat' dir='ltr'>majoribus</span> 
     </span>
     <span class='ocr_line' id='line_1_25' title="bbox 111 1865 1019 1936; baseline -0.002 -17"><span class='ocrx_word' id='word_1_193' title='bbox 111 1867 215 1936; x_wconf 90' lang='lat' dir='ltr'>vestris,</span> <span class='ocrx_word' id='word_1_194' title='bbox 236 1867 347 1936; x_wconf 87' lang='lat' dir='ltr'>posteris</span> <span class='ocrx_word' id='word_1_195' title='bbox 371 1866 529 1934; x_wconf 87' lang='lat' dir='ltr'>relinquatis.</span> <span class='ocrx_word' id='word_1_196' title='bbox 573 1867 602 1919; x_wconf 90' lang='lat' dir='ltr'>ln</span> <span class='ocrx_word' id='word_1_197' title='bbox 626 1867 726 1919; x_wconf 85' lang='lat' dir='ltr'>dextris</span> <span class='ocrx_word' id='word_1_198' title='bbox 745 1866 839 1919; x_wconf 89' lang='lat' dir='ltr'>vestris</span> <span class='ocrx_word' id='word_1_199' title='bbox 863 1865 918 1934; x_wconf 87' lang='lat' dir='ltr'>jam</span> <span class='ocrx_word' id='word_1_200' title='bbox 942 1865 1019 1918; x_wconf 89' lang='lat' dir='ltr'>liber·</span> 
     </span>
     <span class='ocr_line' id='line_1_26' title="bbox 111 1934 1018 2005; baseline -0.002 -16"><span class='ocrx_word' id='word_1_201' title='bbox 111 1946 203 2005; x_wconf 88' lang='lat' dir='ltr'>tatem,</span> <span class='ocrx_word' id='word_1_202' title='bbox 216 1953 302 2005; x_wconf 89' lang='lat' dir='ltr'>opem,</span> <span class='ocrx_word' id='word_1_203' title='bbox 317 1952 391 2004; x_wconf 85' lang='lat' dir='ltr'>spem</span> <span class='ocrx_word' id='word_1_204' title='bbox 405 1935 482 1987; x_wconf 81' lang='lat' dir='ltr'>futuri</span> <span class='ocrx_word' id='word_1_205' title='bbox 502 1936 626 2004; x_wconf 89' lang='lat' dir='ltr'>temporis</span> <span class='ocrx_word' id='word_1_206' title='bbox 643 1936 742 2003; x_wconf 83' lang='lat' dir='ltr'>geritis.</span> <span class='ocrx_word' id='word_1_207' title='bbox 780 1934 880 2002; x_wconf 84' lang='lat' dir='ltr'>Effugit</span> <span class='ocrx_word' id='word_1_208' title='bbox 898 1945 1018 2005; x_wconf 89' lang='lat' dir='ltr'>mortem,</span> 
     </span>
     <span class='ocr_line' id='line_1_27' title="bbox 109 2004 1018 2076; baseline -0.003 -17"><span class='ocrx_word' id='word_1_209' title='bbox 109 2006 230 2076; x_wconf 87' lang='lat' dir='ltr'>quisquis</span> <span class='ocrx_word' id='word_1_210' title='bbox 241 2006 444 2074; x_wconf 89' lang='lat' dir='ltr'>contempserit:</span> <span class='ocrx_word' id='word_1_211' title='bbox 464 2005 662 2058; x_wconf 87' lang='lat' dir='ltr'>timidissimum</span> <span class='ocrx_word' id='word_1_212' title='bbox 677 2006 831 2074; x_wconf 88' lang='lat' dir='ltr'>quemque¹⁰</span> <span class='ocrx_word' id='word_1_213' title='bbox 842 2004 1018 2073; x_wconf 79' lang='lat' dir='ltr'>consequitur.</span> 
     </span>
     <span class='ocr_line' id='line_1_28' title="bbox 112 2073 1017 2145; baseline -0.004 -16"><span class='ocrx_word' id='word_1_214' title='bbox 112 2076 173 2145; x_wconf 88' lang='lat' dir='ltr'>lpse</span> <span class='ocrx_word' id='word_1_215' title='bbox 194 2093 245 2127; x_wconf 90' lang='lat' dir='ltr'>uon</span> <span class='ocrx_word' id='word_1_216' title='bbox 266 2075 348 2144; x_wconf 87' lang='lat' dir='ltr'>patrio</span> <span class='ocrx_word' id='word_1_217' title='bbox 367 2091 440 2126; x_wconf 92' lang='lat' dir='ltr'>more</span> <span class='ocrx_word' id='word_1_218' title='bbox 461 2074 554 2142; x_wconf 88' lang='lat' dir='ltr'>solum,</span> <span class='ocrx_word' id='word_1_219' title='bbox 568 2074 615 2126; x_wconf 88' lang='lat' dir='ltr'>sed</span> <span class='ocrx_word' id='word_1_220' title='bbox 635 2075 716 2127; x_wconf 89' lang='lat' dir='ltr'>etiam</span> <span class='ocrx_word' id='word_1_221' title='bbox 733 2085 760 2126; x_wconf 89' lang='lat' dir='ltr'>ut</span> <span class='ocrx_word' id='word_1_222' title='bbox 772 2073 889 2143; x_wconf 87' lang='lat' dir='ltr'>conspici</span> <span class='ocrx_word' id='word_1_223' title='bbox 910 2075 1017 2142; x_wconf 88' lang='lat' dir='ltr'>possim,</span> 
     </span>
    </p>
   </div>
   <div class='ocr_carea' id='block_1_5' title="bbox 111 2167 1018 3293">
    <p class='ocr_par' dir='ltr' id='par_1_6' title="bbox 141 2167 760 2226">
     <span class='ocr_line' id='line_1_29' title="bbox 141 2167 760 2226; baseline -0.002 -11"><span class='ocrx_word' id='word_1_224' title='bbox 141 2175 148 2196; x_wconf 86' lang='lat'><em>¹</em></span> <span class='ocrx_word' id='word_1_225' title='bbox 162 2169 245 2215; x_wconf 80' lang='lat' dir='ltr'>‘Even</span> <span class='ocrx_word' id='word_1_226' title='bbox 257 2168 277 2214; x_wconf 88' lang='lat' dir='ltr'>if</span> <span class='ocrx_word' id='word_1_227' title='bbox 284 2167 351 2215; x_wconf 84' lang='lat' dir='ltr'>there</span> <span class='ocrx_word' id='word_1_228' title='bbox 362 2182 425 2214; x_wconf 82' lang='lat' dir='ltr'>were</span> <span class='ocrx_word' id='word_1_229' title='bbox 438 2182 468 2213; x_wconf 92' lang='lat' dir='ltr'>no</span> <span class='ocrx_word' id='word_1_230' title='bbox 480 2167 670 2226; x_wconf 86' lang='lat' dir='ltr'>well-grouuded</span> <span class='ocrx_word' id='word_1_231' title='bbox 681 2167 760 2226; x_wconf 66' lang='lat' dir='ltr'>hope!</span> 
     </span>
    </p>

    <p class='ocr_par' dir='ltr' id='par_1_7' title="bbox 140 2225 1017 2294">
     <span class='ocr_line' id='line_1_30' title="bbox 140 2225 1017 2294; baseline -0.001 -21"><span class='ocrx_word' id='word_1_232' title='bbox 140 2232 151 2256; x_wconf 77' lang='lat'>²</span> <span class='ocrx_word' id='word_1_233' title='bbox 162 2233 168 2252; x_wconf 81' lang='lat'><strong>⁴</strong></span> <span class='ocrx_word' id='word_1_234' title='bbox 178 2227 239 2274; x_wconf 84' lang='lat' dir='ltr'>Like</span> <span class='ocrx_word' id='word_1_235' title='bbox 249 2226 336 2286; x_wconf 80' lang='lat' dir='ltr'>kings&#39;</span> <span class='ocrx_word' id='word_1_236' title='bbox 349 2226 487 2294; x_wconf 47' lang='lat' dir='ltr'>,thiterallyq</span> <span class='ocrx_word' id='word_1_237' title='bbox 502 2231 545 2294; x_wconf 82' lang='lat' dir='ltr'>‘an</span> <span class='ocrx_word' id='word_1_238' title='bbox 555 2228 633 2287; x_wconf 84' lang='lat' dir='ltr'>image</span> <span class='ocrx_word' id='word_1_239' title='bbox 643 2226 670 2274; x_wconf 90' lang='lat' dir='ltr'>os</span> <span class='ocrx_word' id='word_1_240' title='bbox 678 2226 776 2287; x_wconf 86' lang='lat' dir='ltr'>kings.’l</span> <span class='ocrx_word' id='word_1_241' title='bbox 794 2225 840 2273; x_wconf 87' lang='lat' dir='ltr'>See</span> <span class='ocrx_word' id='word_1_242' title='bbox 851 2225 949 2284; x_wconf 86' lang='lat' dir='ltr'>Zumpt,</span> <span class='ocrx_word' id='word_1_243' title='bbox 960 2225 1017 2276; x_wconf 76' lang='lat' dir='ltr'>l89.</span> 
     </span>
    </p>

    <p class='ocr_par' dir='ltr' id='par_1_8' title="bbox 111 2284 1018 2404">
     <span class='ocr_line' id='line_1_31' title="bbox 141 2284 1018 2345; baseline 0 -13"><span class='ocrx_word' id='word_1_244' title='bbox 141 2290 151 2314; x_wconf 85' lang='lat'>⁸</span> <span class='ocrx_word' id='word_1_245' title='bbox 163 2285 265 2332; x_wconf 77' lang='lat' dir='ltr'>‘Uoleso</span> <span class='ocrx_word' id='word_1_246' title='bbox 274 2285 341 2332; x_wconf 91' lang='lat' dir='ltr'>there</span> <span class='ocrx_word' id='word_1_247' title='bbox 348 2301 368 2332; x_wconf 91' lang='lat' dir='ltr'>rs</span> <span class='ocrx_word' id='word_1_248' title='bbox 376 2286 513 2345; x_wconf 88' lang='lat' dir='ltr'>somethrng</span> <span class='ocrx_word' id='word_1_249' title='bbox 522 2301 546 2332; x_wconf 90' lang='lat' dir='ltr'>m</span> <span class='ocrx_word' id='word_1_250' title='bbox 555 2302 603 2345; x_wconf 92' lang='lat' dir='ltr'>you</span> <span class='ocrx_word' id='word_1_251' title='bbox 611 2286 627 2342; x_wconf 76' lang='grc' dir='ltr'>ς’</span> <span class='ocrx_word' id='word_1_252' title='bbox 641 2286 692 2333; x_wconf 88' lang='lat' dir='ltr'>that</span> <span class='ocrx_word' id='word_1_253' title='bbox 701 2286 730 2342; x_wconf 90' lang='lat' dir='ltr'>is,</span> <span class='ocrx_word' id='word_1_254' title='bbox 740 2284 822 2333; x_wconf 86' lang='lat' dir='ltr'>unless</span> <span class='ocrx_word' id='word_1_255' title='bbox 829 2300 876 2343; x_wconf 87' lang='lat' dir='ltr'>you</span> <span class='ocrx_word' id='word_1_256' title='bbox 883 2284 944 2331; x_wconf 87' lang='lat' dir='ltr'>have</span> <span class='ocrx_word' id='word_1_257' title='bbox 952 2299 1018 2332; x_wconf 85' lang='lat' dir='ltr'>some</span> 
     </span>
     <span class='ocr_line' id='line_1_32' title="bbox 111 2343 742 2404; baseline 0.002 -13"><span class='ocrx_word' id='word_1_258' title='bbox 111 2359 203 2404; x_wconf 84' lang='lat' dir='ltr'>enargy</span> <span class='ocrx_word' id='word_1_259' title='bbox 214 2345 260 2391; x_wconf 88' lang='lat' dir='ltr'>arrd</span> <span class='ocrx_word' id='word_1_260' title='bbox 271 2358 357 2402; x_wconf 85' lang='lat' dir='ltr'>power.</span> <span class='ocrx_word' id='word_1_261' title='bbox 389 2343 448 2391; x_wconf 76' lang='lat' dir='ltr'>Nisi</span> <span class='ocrx_word' id='word_1_262' title='bbox 457 2347 514 2404; x_wconf 71' lang='lat' dir='ltr'>quali</span> <span class='ocrx_word' id='word_1_263' title='bbox 524 2347 639 2397; x_wconf 78' lang='lat' dir='ltr'>ammenti,</span> <span class='ocrx_word' id='word_1_264' title='bbox 649 2347 742 2392; x_wconf 82' lang='lat' dir='ltr'>virium.</span> 
     </span>
    </p>

    <p class='ocr_par' dir='ltr' id='par_1_9' title="bbox 111 2400 1018 3064">
     <span class='ocr_line' id='line_1_33' title="bbox 143 2400 1016 2463; baseline -0.002 -13"><span class='ocrx_word' id='word_1_265' title='bbox 143 2404 181 2450; x_wconf 77' lang='lat' dir='ltr'>‘A</span> <span class='ocrx_word' id='word_1_266' title='bbox 192 2403 297 2462; x_wconf 86' lang='lat' dir='ltr'>genitive</span> <span class='ocrx_word' id='word_1_267' title='bbox 308 2403 426 2461; x_wconf 79' lang='lat' dir='ltr'>partitive.</span> <span class='ocrx_word' id='word_1_268' title='bbox 454 2403 501 2449; x_wconf 85' lang='lat' dir='ltr'>‘So</span> <span class='ocrx_word' id='word_1_269' title='bbox 512 2403 547 2449; x_wconf 82' lang='lat' dir='ltr'>lar</span> <span class='ocrx_word' id='word_1_270' title='bbox 557 2419 584 2450; x_wconf 90' lang='lat' dir='ltr'>as</span> <span class='ocrx_word' id='word_1_271' title='bbox 595 2404 692 2463; x_wconf 82' lang='lat' dir='ltr'>regards</span> <span class='ocrx_word' id='word_1_272' title='bbox 704 2404 744 2450; x_wconf 89' lang='lat' dir='ltr'>the</span> <span class='ocrx_word' id='word_1_273' title='bbox 755 2412 850 2463; x_wconf 85' lang='lat' dir='ltr'>greater</span> <span class='ocrx_word' id='word_1_274' title='bbox 857 2411 909 2460; x_wconf 89' lang='lat' dir='ltr'>part</span> <span class='ocrx_word' id='word_1_275' title='bbox 919 2400 946 2448; x_wconf 83' lang='lat' dir='ltr'>of</span> <span class='ocrx_word' id='word_1_276' title='bbox 953 2416 992 2449; x_wconf 92' lang='lat' dir='ltr'>me</span> <span class='ocrx_word' id='word_1_277' title='bbox 1000 2403 1016 2459; x_wconf 85' lang='lat'>;‘</span> 
     </span>
     <span class='ocr_line' id='line_1_34' title="bbox 112 2460 1018 2532; baseline -0.003 -21"><span class='ocrx_word' id='word_1_278' title='bbox 112 2463 165 2532; x_wconf 83' lang='lat' dir='ltr'>that</span> <span class='ocrx_word' id='word_1_279' title='bbox 182 2462 211 2517; x_wconf 87' lang='lat' dir='ltr'>is,</span> <span class='ocrx_word' id='word_1_280' title='bbox 229 2461 267 2514; x_wconf 82' lang='lat' dir='ltr'>his</span> <span class='ocrx_word' id='word_1_281' title='bbox 283 2461 376 2509; x_wconf 86' lang='lat' dir='ltr'>mother</span> <span class='ocrx_word' id='word_1_282' title='bbox 387 2461 433 2508; x_wconf 90' lang='lat' dir='ltr'>and</span> <span class='ocrx_word' id='word_1_283' title='bbox 444 2461 559 2516; x_wconf 89' lang='lat' dir='ltr'>children,</span> <span class='ocrx_word' id='word_1_284' title='bbox 573 2462 655 2510; x_wconf 84' lang='lat' dir='ltr'>whom</span> <span class='ocrx_word' id='word_1_285' title='bbox 670 2461 700 2508; x_wconf 85' lang='lat' dir='ltr'>he</span> <span class='ocrx_word' id='word_1_286' title='bbox 716 2462 839 2509; x_wconf 88' lang='lat' dir='ltr'>considers</span> <span class='ocrx_word' id='word_1_287' title='bbox 855 2476 881 2507; x_wconf 86' lang='lat' dir='ltr'>aa</span> <span class='ocrx_word' id='word_1_288' title='bbox 897 2476 912 2507; x_wconf 87' lang='lat' dir='ltr'>tt</span> <span class='ocrx_word' id='word_1_289' title='bbox 927 2460 1018 2518; x_wconf 83' lang='lat' dir='ltr'>partos</span> 
     </span>
     <span class='ocr_line' id='line_1_35' title="bbox 112 2519 1017 2661; baseline 0 -34"><span class='ocrx_word' id='word_1_290' title='bbox 112 2519 223 2661; x_wconf 50' lang='lat' dir='ltr'>hlrtn‘sellflfy</span> <span class='ocrx_word' id='word_1_291' title='bbox 234 2578 323 2627; x_wconf 64' lang='lat' dir='ltr'>vitale!</span> <span class='ocrx_word' id='word_1_292' title='bbox 357 2579 405 2626; x_wconf 88' lang='lat' dir='ltr'>We</span> <span class='ocrx_word' id='word_1_293' title='bbox 421 2579 498 2640; x_wconf 83' lang='lat' dir='ltr'>might</span> <span class='ocrx_word' id='word_1_294' title='bbox 516 2595 569 2639; x_wconf 87' lang='lat' dir='ltr'>say,</span> <span class='ocrx_word' id='word_1_295' title='bbox 588 2579 664 2627; x_wconf 86' lang='lat' dir='ltr'>under</span> <span class='ocrx_word' id='word_1_296' title='bbox 678 2555 771 2627; x_wconf 90' lang='lat' dir='ltr'>similar</span> <span class='ocrx_word' id='word_1_297' title='bbox 785 2579 940 2634; x_wconf 85' lang='lat' dir='ltr'>excitement,</span> <span class='ocrx_word' id='word_1_298' title='bbox 961 2583 1017 2640; x_wconf 86' lang='lat' dir='ltr'>‘my</span> 
     </span>
     <span class='ocr_line' id='line_1_36' title="bbox 112 2641 1016 2766; baseline -0.001 -20"><span class='ocrx_word' id='word_1_299' title='bbox 112 2641 216 2746; x_wconf 55' lang='lat' dir='ltr'>he‘ar&#39;i&#39;he</span> <span class='ocrx_word' id='word_1_300' title='bbox 233 2713 316 2766; x_wconf 77' lang='lat' dir='ltr'>means</span> <span class='ocrx_word' id='word_1_301' title='bbox 326 2697 353 2745; x_wconf 87' lang='lat' dir='ltr'>os</span> <span class='ocrx_word' id='word_1_302' title='bbox 366 2698 448 2758; x_wconf 82' lang='lat' dir='ltr'>living,</span> <span class='ocrx_word' id='word_1_303' title='bbox 462 2697 541 2745; x_wconf 88' lang='lat' dir='ltr'>which</span> <span class='ocrx_word' id='word_1_304' title='bbox 552 2698 611 2758; x_wconf 85' lang='lat' dir='ltr'>they</span> <span class='ocrx_word' id='word_1_305' title='bbox 621 2697 693 2758; x_wconf 87' lang='lat' dir='ltr'>enjoy</span> <span class='ocrx_word' id='word_1_306' title='bbox 703 2697 760 2758; x_wconf 82' lang='lat' dir='ltr'>only</span> <span class='ocrx_word' id='word_1_307' title='bbox 770 2695 830 2745; x_wconf 91' lang='lat' dir='ltr'>from</span> <span class='ocrx_word' id='word_1_308' title='bbox 841 2695 882 2744; x_wconf 89' lang='lat' dir='ltr'>the</span> <span class='ocrx_word' id='word_1_309' title='bbox 892 2697 1016 2758; x_wconf 88' lang='lat' dir='ltr'>clemeucy</span> 
     </span>
     <span class='ocr_line' id='line_1_37' title="bbox 111 2757 1016 2886; baseline 0 -22"><span class='ocrx_word' id='word_1_310' title='bbox 111 2757 570 2885; x_wconf 50' lang='lat' dir='ltr'>antd‘abiistiiiiesriiguiibiieiibm</span> <span class='ocrx_word' id='word_1_311' title='bbox 581 2817 665 2886; x_wconf 81' lang='lat' dir='ltr'>tobe&#39;¹</span> <span class='ocrx_word' id='word_1_312' title='bbox 696 2815 723 2864; x_wconf 86' lang='lat' dir='ltr'>Is</span> <span class='ocrx_word' id='word_1_313' title='bbox 728 2831 766 2864; x_wconf 83' lang='lat' dir='ltr'>we</span> <span class='ocrx_word' id='word_1_314' title='bbox 776 2814 834 2864; x_wconf 90' lang='lat' dir='ltr'>read</span> <span class='ocrx_word' id='word_1_315' title='bbox 837 2817 978 2885; x_wconf 65' lang='lat' dir='ltr'>fastidiant,</span> <span class='ocrx_word' id='word_1_316' title='bbox 989 2831 1016 2864; x_wconf 81' lang='lat' dir='ltr'>as</span> 
     </span>
     <span class='ocr_line' id='line_1_38' title="bbox 112 2873 1016 2996; baseline -0.001 -13"><span class='ocrx_word' id='word_1_317' title='bbox 112 2873 497 2994; x_wconf 63' lang='lat' dir='ltr'>‘&#39;¹⁰¹’rt‘iltlttllttttlt</span> <span class='ocrx_word' id='word_1_318' title='bbox 509 2875 648 2996; x_wconf 52' lang='lat' dir='ltr'>{illidii}</span> <span class='ocrx_word' id='word_1_319' title='bbox 659 2875 1016 2996; x_wconf 65' lang='lat' dir='ltr'>¹tr;,tlt⁸ttttttt¹¹;0tltt</span> 
     </span>
     <span class='ocr_line' id='line_1_39' title="bbox 112 2952 1015 3064; baseline -0.003 -21"><span class='ocrx_word' id='word_1_320' title='bbox 112 2952 168 3044; x_wconf 53' lang='lat' dir='ltr'>iiiii</span> <span class='ocrx_word' id='word_1_321' title='bbox 176 2996 247 3062; x_wconf 83' lang='lat' dir='ltr'>latter</span> <span class='ocrx_word' id='word_1_322' title='bbox 253 3010 333 3063; x_wconf 81' lang='lat' dir='ltr'>seems</span> <span class='ocrx_word' id='word_1_323' title='bbox 341 2970 402 3042; x_wconf 64' lang='lat' dir='ltr'>to’be</span> <span class='ocrx_word' id='word_1_324' title='bbox 413 2995 452 3041; x_wconf 87' lang='lat' dir='ltr'>the</span> <span class='ocrx_word' id='word_1_325' title='bbox 461 2971 526 3042; x_wconf 75' lang='lat' dir='ltr'>moia</span> <span class='ocrx_word' id='word_1_326' title='bbox 534 2994 625 3062; x_wconf 78' lang='lat' dir='ltr'>natural</span> <span class='ocrx_word' id='word_1_327' title='bbox 634 2994 720 3054; x_wconf 84' lang='lat' dir='ltr'>wayof</span> <span class='ocrx_word' id='word_1_328' title='bbox 724 2994 824 3064; x_wconf 79' lang='lat' dir='ltr'>making</span> <span class='ocrx_word' id='word_1_329' title='bbox 830 2993 870 3062; x_wconf 81' lang='lat' dir='ltr'>the</span> <span class='ocrx_word' id='word_1_330' title='bbox 877 3003 1015 3041; x_wconf 88' lang='lat' dir='ltr'>statement.</span> 
     </span>
    </p>

    <p class='ocr_par' dir='ltr' id='par_1_10' title="bbox 111 3051 1017 3293">
     <span class='ocr_line' id='line_1_40' title="bbox 140 3051 1017 3122; baseline -0.003 -20"><span class='ocrx_word' id='word_1_331' title='bbox 140 3059 150 3084; x_wconf 78' lang='lat'><strong>¹</strong></span> <span class='ocrx_word' id='word_1_332' title='bbox 165 3054 213 3102; x_wconf 84' lang='lat' dir='ltr'>Oro</span> <span class='ocrx_word' id='word_1_333' title='bbox 221 3069 241 3101; x_wconf 90' lang='lat' dir='ltr'>rs</span> <span class='ocrx_word' id='word_1_334' title='bbox 250 3054 359 3122; x_wconf 85' lang='lat' dir='ltr'>omitted,</span> <span class='ocrx_word' id='word_1_335' title='bbox 369 3054 414 3101; x_wconf 87' lang='lat' dir='ltr'>ond</span> <span class='ocrx_word' id='word_1_336' title='bbox 427 3054 467 3122; x_wconf 81' lang='lat' dir='ltr'>the</span> <span class='ocrx_word' id='word_1_337' title='bbox 478 3072 527 3122; x_wconf 24' lang='lat' dir='ltr'>puer,</span> <span class='ocrx_word' id='word_1_338' title='bbox 538 3070 564 3100; x_wconf 87' lang='lat' dir='ltr'>os</span> <span class='ocrx_word' id='word_1_339' title='bbox 574 3069 594 3101; x_wconf 89' lang='lat' dir='ltr'>rs</span> <span class='ocrx_word' id='word_1_340' title='bbox 603 3055 672 3102; x_wconf 90' lang='lat' dir='ltr'>usual</span> <span class='ocrx_word' id='word_1_341' title='bbox 681 3055 705 3101; x_wconf 89' lang='lat' dir='ltr'>in</span> <span class='ocrx_word' id='word_1_342' title='bbox 713 3054 854 3114; x_wconf 85' lang='lat' dir='ltr'>adjuration,</span> <span class='ocrx_word' id='word_1_343' title='bbox 862 3069 883 3101; x_wconf 84' lang='lat' dir='ltr'>ra</span> <span class='ocrx_word' id='word_1_344' title='bbox 891 3051 1017 3112; x_wconf 88' lang='lat' dir='ltr'>separated</span> 
     </span>
     <span class='ocr_line' id='line_1_41' title="bbox 111 3113 1014 3176; baseline -0.003 -14"><span class='ocrx_word' id='word_1_345' title='bbox 111 3115 173 3162; x_wconf 82' lang='lat' dir='ltr'>from</span> <span class='ocrx_word' id='word_1_346' title='bbox 184 3114 225 3163; x_wconf 91' lang='lat' dir='ltr'>the</span> <span class='ocrx_word' id='word_1_347' title='bbox 237 3116 387 3160; x_wconf 84' lang='lat' dir='ltr'>substantive</span> <span class='ocrx_word' id='word_1_348' title='bbox 400 3113 479 3160; x_wconf 84' lang='lat' dir='ltr'>which</span> <span class='ocrx_word' id='word_1_349' title='bbox 491 3124 507 3160; x_wconf 90' lang='lat' dir='ltr'>rt</span> <span class='ocrx_word' id='word_1_350' title='bbox 520 3129 637 3173; x_wconf 86' lang='lat' dir='ltr'>governs:</span> <span class='ocrx_word' id='word_1_351' title='bbox 652 3131 695 3176; x_wconf 83' lang='lat' dir='ltr'>per</span> <span class='ocrx_word' id='word_1_352' title='bbox 704 3117 758 3162; x_wconf 78' lang='lat' dir='ltr'>deor</span> <span class='ocrx_word' id='word_1_353' title='bbox 768 3116 857 3176; x_wconf 75' lang='lat' dir='ltr'>patrios</span> <span class='ocrx_word' id='word_1_354' title='bbox 868 3130 908 3174; x_wconf 77' lang='lat' dir='ltr'>ego</span> <span class='ocrx_word' id='word_1_355' title='bbox 918 3128 958 3160; x_wconf 76' lang='lat' dir='ltr'>uos</span> <span class='ocrx_word' id='word_1_356' title='bbox 966 3128 1014 3167; x_wconf 86' lang='lat' dir='ltr'>oro,</span> 
     </span>
     <span class='ocr_line' id='line_1_42' title="bbox 111 3171 924 3238; baseline -0.004 -17"><span class='ocrx_word' id='word_1_357' title='bbox 111 3173 162 3221; x_wconf 73' lang='lat' dir='ltr'>&amp;c</span> <span class='ocrx_word' id='word_1_358' title='bbox 193 3173 241 3220; x_wconf 86' lang='lat' dir='ltr'>See</span> <span class='ocrx_word' id='word_1_359' title='bbox 253 3172 350 3231; x_wconf 91' lang='lat' dir='ltr'>Zumpt,</span> <span class='ocrx_word' id='word_1_360' title='bbox 365 3171 392 3223; x_wconf 74' lang='lat' dir='ltr'>bb</span> <span class='ocrx_word' id='word_1_361' title='bbox 404 3177 448 3220; x_wconf 77' lang='lat'>773</span> <span class='ocrx_word' id='word_1_362' title='bbox 460 3172 506 3220; x_wconf 90' lang='lat' dir='ltr'>und</span> <span class='ocrx_word' id='word_1_363' title='bbox 517 3176 568 3221; x_wconf 75' lang='lat'>794.</span> <span class='ocrx_word' id='word_1_364' title='bbox 920 3228 924 3238; x_wconf 44' lang='grc' dir='ltr'>Ι</span> 
     </span>
     <span class='ocr_line' id='line_1_43' title="bbox 119 3228 1016 3293; baseline -0.003 -15"><span class='ocrx_word' id='word_1_365' title='bbox 119 3267 122 3274; x_wconf 88' lang='grc'>.</span> <span class='ocrx_word' id='word_1_366' title='bbox 140 3236 150 3260; x_wconf 83' lang='lat'><em>⁰</em></span> <span class='ocrx_word' id='word_1_367' title='bbox 160 3231 215 3279; x_wconf 84' lang='lat' dir='ltr'>The</span> <span class='ocrx_word' id='word_1_368' title='bbox 226 3232 294 3279; x_wconf 89' lang='lat' dir='ltr'>usual</span> <span class='ocrx_word' id='word_1_369' title='bbox 306 3232 469 3279; x_wconf 89' lang='lat' dir='ltr'>construction</span> <span class='ocrx_word' id='word_1_370' title='bbox 480 3230 597 3293; x_wconf 83' lang='lat' dir='ltr'>ofplenar</span> <span class='ocrx_word' id='word_1_371' title='bbox 608 3231 632 3279; x_wconf 91' lang='lat' dir='ltr'>in</span> <span class='ocrx_word' id='word_1_372' title='bbox 644 3231 752 3288; x_wconf 89' lang='lat' dir='ltr'>Curtius,</span> <span class='ocrx_word' id='word_1_373' title='bbox 764 3232 811 3279; x_wconf 86' lang='lat' dir='ltr'>oud</span> <span class='ocrx_word' id='word_1_374' title='bbox 822 3228 908 3277; x_wconf 87' lang='lat' dir='ltr'>indeed</span> <span class='ocrx_word' id='word_1_375' title='bbox 918 3243 943 3276; x_wconf 89' lang='lat' dir='ltr'>ru</span> <span class='ocrx_word' id='word_1_376' title='bbox 952 3237 1016 3277; x_wconf 82' lang='lat' dir='ltr'>most</span> 
     </span>
    </p>
   </div>
   <div class='ocr_carea' id='block_1_6' title="bbox 111 3285 1016 3396">
    <p class='ocr_par' dir='ltr' id='par_1_11' title="bbox 111 3285 1016 3396">
     <span class='ocr_line' id='line_1_44' title="bbox 111 3285 1016 3396; baseline -0.006 -57"><span class='ocrx_word' id='word_1_377' title='bbox 111 3291 220 3345; x_wconf 86' lang='lat' dir='ltr'>authors,</span> <span class='ocrx_word' id='word_1_378' title='bbox 234 3291 254 3338; x_wconf 88' lang='lat' dir='ltr'>is</span> <span class='ocrx_word' id='word_1_379' title='bbox 266 3292 323 3338; x_wconf 87' lang='lat' dir='ltr'>with</span> <span class='ocrx_word' id='word_1_380' title='bbox 337 3291 502 3396; x_wconf 54' lang='lat' dir='ltr'>thegenitive.</span> <span class='ocrx_word' id='word_1_381' title='bbox 531 3291 577 3338; x_wconf 87' lang='lat' dir='ltr'>Soa</span> <span class='ocrx_word' id='word_1_382' title='bbox 591 3291 669 3339; x_wconf 84' lang='lat' dir='ltr'>Grom.</span> <span class='ocrx_word' id='word_1_383' title='bbox 681 3291 695 3343; x_wconf 78' lang='lat' dir='ltr'>l</span> <span class='ocrx_word' id='word_1_384' title='bbox 706 3296 758 3347; x_wconf 79' lang='lat'>277,</span> <span class='ocrx_word' id='word_1_385' title='bbox 771 3295 794 3338; x_wconf 83' lang='lat'>5.</span> <span class='ocrx_word' id='word_1_386' title='bbox 822 3287 937 3347; x_wconf 87' lang='lat' dir='ltr'>Perhaps,</span> <span class='ocrx_word' id='word_1_387' title='bbox 950 3285 1016 3335; x_wconf 85' lang='lat' dir='ltr'>how·</span> 
     </span>
    </p>
   </div>
   <div class='ocr_carea' id='block_1_7' title="bbox 111 3349 986 3470">
    <p class='ocr_par' dir='ltr' id='par_1_12' title="bbox 111 3349 986 3470">
     <span class='ocr_line' id='line_1_45' title="bbox 111 3349 986 3470; baseline -0.005 -13"><span class='ocrx_word' id='word_1_388' title='bbox 111 3349 986 3470; x_wconf 54' lang='lat' dir='ltr'>“trtttlttltt‘tdttttltt,itiiterllldttbui.</span> 
     </span>
    </p>
   </div>
   <div class='ocr_carea' id='block_1_8' title="bbox 0 0 1142 3772">
    <p class='ocr_par' dir='ltr' id='par_1_13' title="bbox 0 0 1142 3772">
     <span class='ocr_line' id='line_1_46' title="bbox 0 0 1142 3772; baseline 0 0"><span class='ocrx_word' id='word_1_389' title='bbox 0 0 1142 3772; x_wconf 95' lang='lat' dir='ltr'> </span> 
     </span>
    </p>
   </div>
  </div>
 </body>
</html>
