2274 3772
481 176 573 216 creuit
592 177 632 215 vi.
953 160 1008 218 lod

64 319 68 329 ·
100 287 237 342 admoveri
258 287 348 358 jubet:
378 287 489 356 ipsoque
513 293 620 355 aspectu
645 284 747 336 barbari
772 284 861 353 territi,
886 301 902 336 e
926 286 1010 339 muris

102 359 218 428 supinas¹
243 374 338 410 triarius
361 356 507 424 tendentes,
532 371 604 407 orare
628 365 778 422 coeperunt,
806 355 872 406 iram
896 354 921 407 in
945 355 1011 408 Sati·

102 427 243 480 berzauem
261 425 418 478 defectionis
429 435 564 476 auctorem
577 432 730 490 reservarer,
744 423 907 491 supplicibus
925 434 1011 478 semet

102 496 262 548 dedentibus
277 505 404 564 parceret.
440 496 505 562 Rex,
518 493 580 544 data
593 493 678 559 venia,
691 510 741 543 non
754 492 920 546 obsidionem
933 493 1011 546 modo

103 565 186 633 solvit,
201 564 248 617 sed
261 565 348 617 omnia
360 582 409 615 sua
422 565 512 615 incolis
525 562 646 614 reddidit.
683 562 725 613 Ab
744 561 794 613 hac
812 562 877 614 urbe
894 564 1011 630 digresso

102 635 318 703 supplementum
337 650 461 685 novorum
481 632 594 684 militurn
614 632 733 683 occurrit.
769 632 856 682 Zoilus
871 633 894 685 D
908 634 1011 700 equites

102 721 136 755 ex
148 704 260 756 Graecia
272 703 431 754 adduxerat:
447 703 482 754 Ill
494 701 570 752 milia
582 718 615 752 ex
628 699 731 767 Illyrico
740 701 878 768 Antipater
887 703 1010 754 miserat:

103 772 224 824 Thessali
242 773 346 840 equites
364 773 384 823 C
402 781 428 823 et
446 771 515 823 XXX
528 788 588 822 cum
602 769 722 836 Philippo
735 781 825 820 eraut:
845 787 878 822 ex
891 770 975 839 Lydia
987 770 1011 823 11

103 842 177 894 milia
189 852 214 893 et
230 843 279 909 DC,
291 842 442 910 peregrinus
451 840 535 908 miles,
546 839 723 891 advenerant:
737 840 800 890 CCC
812 840 915 906 equites
927 841 1013 907 gentis

103 911 225 980 ejusdem
239 910 424 979 sequebantur.
461 909 517 960 Hac
530 927 609 961 rnanu
622 907 728 976 adjecta
740 904 870 973 Drangas²
882 910 1012 976 parvenit.

105 980 234 1032 Bellicosa
250 981 330 1031 'natio
354 989 402 1030 est.
439 978 559 1046 Satrapes
583 977 641 1029 erat'
662 977 829 1046 Barzaentes‚
854 979 961 1030 sceleris
986 979 1012 1031 iii

105 1067 193 1117 regem
208 1067 283 1102 suurn
298 1048 430 1117 particeps
445 1047 546 1099 Besso.⁸
581 1048 606 1100 Is
619 1046 813 1116 suppliciorum,
827 1064 896 1115 quae
909 1064 1012 1100 merue-

105 1128 150 1187 tat,
164 1129 238 1170 metu
251 1119 364 1187 profugit
377 1117 402 1169 iii
417 1117 529 1169 Indiam.

141 1193 180 1239 25.
200 1189 258 1241 Jam
279 1204 377 1240 nonum
395 1186 468 1238 diem
487 1185 583 1240 stativa
605 1193 686 1253 erant,
706 1202 766 1237 curn
791 1199 899 1238 externa
917 1187 942 1237 vi
961 1203 1013 1240 non

105 1265 176 1309 tutus
195 1258 273 1309 modo
294 1275 346 1325 rex,
367 1255 414 1308 sed
434 1256 567 1322 irivictus,⁴
585 1255 708 1307 intestino
729 1254 845 1307 facinore
865 1255 1011 1322 petebatur.

107 1327 227 1396 Dimum,
241 1326 361 1378 modicae
374 1327 442 1394 apud
456 1342 545 1392 regem
561 1325 723 1376 auctoritatis
741 1333 767 1375 et
784 1325 891 1392 gratiae,
906 1325 1014 1406 exoleti}

106 1396 148 1448 cui
171 1395 334 1448 Nicomacho
355 1405 409 1446 erat
430 1411 534 1463 nomen,
555 1411 644 1445 amore
665 1393 799 1461 flagrabat,
822 1394 947 1461 obsequio
967 1406 1013 1464 urit

107 1464 157 1517 sibi
176 1465 258 1517 dediti
271 1463 391 1534 corporis
409 1464 520 1515 vinctus.
558 1464 590 1531 ls,
604 1463 672 1532 quod
691 1479 725 1515 ex
741 1463 813 1516 vultu
832 1480 937 1532 qnoque
955 1481 1013 1534 per·

106 1535 172 1604 spici
193 1544 300 1603 poteret,
322 1535 414 1586 similis
434 1533 561 1601 attonit0,⁶
581 1532 687 1584 remotis
706 1531 811 1585 arbitris
830 1550 893 1585 cum
915 1533 1013 1602 juvene

107 1605 217 1656 secessit
236 1604 261 1656 iii
281 1604 418 1673 templum,
436 1620 531 1654 arcana
550 1620 578 1654 se
597 1612 623 1654 et
641 1601 742 1654 silenda
758 1602 853 1654 afferre
871 1602 1013 1674 praefatus,

107 1689 319 1742 suspensumque
338 1674 520 1740 expectatione
538 1671 595 1753 pei⁵
613 1681 733 1724 mutuam
754 1673 891 1724 caritatem
912 1681 937 1723 et
959 1668 1013 1741 pig·

107 1744 181 1794 uora⁷
200 1743 336 1811 utriusque
356 1742 437 1794 animi
457 1751 536 1810 rogat,
558 1749 586 1793 ut
610 1741 724 1792 affirmet
747 1740 922 1811 jurejurando,
945 1758 1014 1809 quae

107 1812 289 1880 commisisset,
304 1812 407 1864 silentio
419 1828 478 1862 csse
491 1819 631 1863 tecturum.
663 1811 695 1862 Et
709 1811 753 1862 ille
766 1821 845 1878 ratus,
860 1809 930 1879 nihil,
945 1810 1014 1878 quod

107 1882 188 1933 etiarn
202 1898 263 1933 curn
277 1881 389 1950 perjurio
402 1880 582 1947 detegendum
592 1879 669 1944 'foret
683 1880 867 1946 iudicaturum,
882 1895 927 1946 per
940 1896 1015 1947 prae·

108 1964 197 2003 sentes
214 1951 278 2002 deos
295 1950 372 2020 jurat.
408 1950 478 2001 Tum
491 1950 602 2001 Dimnus
613 1949 703 2019 aperit,
717 1949 860 2001 intertium
874 1947 944 1999 diem
959 1949 1015 2017 regi

108 2020 217 2074 insidias
232 2028 406 2088 comparatae,
420 2035 501 2086 seque
515 2019 572 2088 ejus
585 2019 686 2070 consilii
707 2017 816 2070 sortibus
828 2017 890 2069 viris
902 2026 928 2068 et
943 2017 1016 2071 illus·

108 2090 190 2142 tribus
202 2107 261 2141 esse
274 2089 437 2157 participem.
467 2087 570 2145 Quibus
580 2088 685 2157 juvenis
696 2087 799 2157 auditis,
810 2104 838 2138 se
849 2088 920 2138 vero⁸
931 2087 1013 2141 fidem

137 2227 144 2249 ¹
156 2220 221 2267 Thur
233 2220 263 2274 is,-
275 2218 337 2267 with,
345 2218 385 2265 the
397 2218 473 2277 paline
485 2218 512 2265 ol
525 2218 586 2266 their
596 2218 671 2267 hands
683 2219 769 2267 turned
780 2218 948 2278 upwards-a
959 2235 1014 2268 cue·

108 2289 157 2328 torn
170 2294 258 2338 among
269 2279 309 2325 the
320 2278 428 2325 uncients
440 2277 510 2324 when
522 2279 629 2337 pruying.
662 2337 667 2346 .
736 2338 740 2346 Ι

136 2344 146 2368 ⁵
157 2338 211 2385 The
229 2337 381 2405 Drangaelor
398 2337 473 2383 Zaran
492 2352 520 2404 ae
531 2352 595 2383 were
607 2338 651 2406 the·
661 2337 807 2385 inhabitants
817 2337 897 2406 oluthe
913 2348 1015 2398 country

109 2400 181 2467 about
197 2397 237 2444 the
253 2409 379 2465 extensive
391 2395 445 2463 lelio
457 2352 536 2442 which
548 2396 588 2442 the
600 2407 707 2443 ancieuts
719 2395 794 2443 called
805 2396 867 2443 Arta
875 2400 955 2458 polae,
969 2395 1016 2445 und

109 2474 130 2505 is
146 2457 235 2504 known
252 2472 275 2502 in
293 2455 391 2522 modern
407 2465 478 2501 tirnes
495 2454 571 2503 under
586 2454 626 2523 the
643 2470 712 2523 nome
726 2454 753 2501 of
766 2455 851 2523 Zareh.
883 2455 937 2501 The
954 2455 1014 2515 Ety-

109 2515 207 2583 maire.
217 2513 1017 2623 ‘m⁰i⁹·¹¹¹1{¹dme¹i{llih¹ilh⁰'ileli‘ihiilde'llfflil‘XXXX

109 2575 315 2702 ghddiddidohh83
334 2608 427 2699 hm
438 2630 541 2687 district,
555 2608 633 2700 hhich
650 2633 674 2679 iu
690 2607 808 2699 antiquit)3
819 2631 868 2686 aud,
876 2631 963 2692 during
973 2632 1016 2680 tho

110 2693 198 2762 middle
215 2708 272 2760 ages
288 2707 339 2738 was
354 2690 486 2739 cultivated
500 2701 525 2738 to
535 2707 550 2738 a
560 2690 618 2752 high
628 2691 725 2751 degree,
739 2706 759 2737 is
770 2705 824 2738 now
835 2689 956 2748 deserted,
969 2691 1016 2741 and

109 2750 467 2857 inchqqssitlplpeplolffiqrcquqpps
477 2827 528 2857 sitm
536 2812 579 2857 tibi
586 2797 688 2870 alicujus
696 2811 737 2857 rei.
760 2808 806 2856 See
816 2809 895 2856 Grum.
905 2809 919 2860 i
928 2814 980 2866 277,
990 2814 1015 2867 2,

110 2880 166 2958 no‘tq
176 2869 486 2995 letabhlcyosndhdiddwsrdid
495 2872 610 2974 aediddrlhhl
621 2927 737 2983 violence,
750 2929 793 2975 but
804 2917 973 2996 unconqi'iered
983 2929 1016 2987 by

110 2989 144 3037 it.‘
177 2987 253 3056 Tutor
262 2991 289 3034 ob
298 2997 392 3034 externo
403 3005 431 3054 vt·
439 2985 514 3045 might
526 2987 586 3033 have
597 2988 658 3033 been
666 2986 792 3054 expected.
803 2989 846 3055 but
855 2996 922 3034 tutus
934 3003 954 3034 ie
965 2986 1018 3034 also

110 3058 251 3116 sometimes
263 3045 389 3094 constructi
402 3046 512 3114 wrthqthe
524 3061 588 3116 mere
599 3045 717 3113 ablative3
730 3045 776 3093 und
787 3046 891 3099 besides,
902 3047 1014 3113 invictus,

111 3104 834 3225 “ltlet¹tttttt¹t⁰¹tldttlt¹ttt¹²lt¹¹trtl¹tttt
844 3106 1014 3222 diffiditu-

111 3225 230 3390 pqsffhil'pss
245 3284 269 3331 in
280 3283 440 3350 adjuratione..
467 3281 513 3329 See
526 3283 623 3341 Zumpt,
636 3281 709 3333 §SOL

140 3348 147 3369 ¹
161 3343 193 3390 ‘P
205 3343 287 3402 edges’
301 3359 339 3390 are
351 3343 407 3389 here
418 3341 524 3401 displays
535 3341 563 3388 ol
574 3341 730 3389 attachment.

111 3470 121 3509 t
139 3401 324 3509 'qurto‘puerely
334 3416 417 3450 serves
431 3410 457 3448 to
471 3399 594 3449 introduco
609 3398 651 3449 the
667 3399 811 3477 auswerpit
821 3406 908 3448 annot
918 3397 1016 3449 belteil

122 3475 177 3510 ratis
211 3476 225 3509 e
244 3495 249 3508 .
