2274 3772
129 114 184 170 lttss
393 128 432 168 orr
455 128 560 167 essars
581 127 766 169 surxrsonr.

125 237 152 293 in
205 236 307 290 rricidio
325 236 432 290 dedisse
450 245 598 289 constanter
614 235 720 308 abnuit,
728 253 777 288 nec
789 236 843 288 ulla
855 236 988 306 religione,
1001 246 1031 290 nt

125 323 171 360 soe
183 324 214 360 us
233 314 312 375 tegat,
334 323 411 374 posse
430 306 577 373 constringi.
615 306 733 374 Dimnus,
752 315 780 358 et
800 323 888 358 amore
910 315 936 357 et
957 316 1030 360 metu

123 392 225 446 amens,
250 379 387 428 dexteram
413 375 509 428 exoleti
537 375 709 445 complexus,¹
734 385 761 429 et
784 375 932 443 lacrimans,
957 392 1031 429 orare

125 445 248 515 primurn,
262 454 290 498 ut
303 447 434 514 particeps
445 443 546 497 consilii
558 445 699 513 operisque
710 446 799 497 tieret:
819 445 840 497 si
859 444 884 496 id
903 445 1031 497 sustinere

124 530 176 568 non
193 523 288 583 posset,
305 523 422 567 attamen
441 531 474 566 ue
493 513 613 582 proderet
627 531 663 582 se,
680 514 755 584 cujus
773 531 835 581 erga
853 516 939 582 ipsum
959 514 1031 566 beni·

124 583 254 636 valentiae
268 583 430 652 praeteralia
441 583 491 635 hoc
503 599 607 652 quoque
620 582 729 636 haberet
742 584 914 636 fortissimum
928 584 1029 651 pignus,

124 653 193 722 quod
214 661 294 722 caput
315 670 392 705 suum
416 653 580 721 permisisset
600 653 663 706 fidei
682 653 770 706 adbuc
790 654 951 722 inexpertae.
987 653 1029 705 Ad

124 723 247 775 ultimum
266 723 382 774 aversari
400 721 487 774 scelus
502 720 717 790 perseverantem
736 723 827 777 mortis
844 730 916 774 metu
936 730 1029 774 terret:

123 791 228 845 abtttot
244 792 329 860 capite
347 789 495 860 conjuratos
513 791 719 859 pulcherrimum
736 792 839 844 lacinus
856 791 1029 844 inchoaturos.

124 860 199 914 Alias
217 861 313 913 deindo
331 861 515 913 effeminatum
533 870 559 912 et
578 860 740 914 muliebriter
751 861 882 928 timidum,
895 860 962 912 alias
974 878 1030 929 pro·

124 930 236 982 ditorem
253 930 378 982 amatoris
394 929 537 998 appellans,
554 946 624 982 nunc
642 931 757 998 ingentia
774 931 937 999 promittens,
951 930 1029 982 inter-

123 997 242 1068 dumque
262 1015 370 1066 regnum
391 1015 503 1068 quoquo,
523 998 644 1052 versabat
666 999 796 1052 animum³
819 1008 890 1052 tanto
913 999 1030 1052 facinore

125 1069 214 1137 procul
232 1069 426 1122 abhorrentem.
462 1067 700 1120 Strictumdeinde
717 1067 837 1136 gladium
854 1068 932 1122 modo
950 1069 1028 1139 illius,

125 1137 202 1190 modo
212 1155 260 1190 suo
268 1138 413 1190 admovens
423 1136 521 1207 jugulo,
531 1138 643 1207 supplex
654 1136 727 1190 idern
739 1146 766 1190 et
777 1137 889 1191 infestus
901 1140 1030 1207 expressit

125 1206 241 1276 tandem,
254 1215 345 1261 utnon
357 1205 596 1274 solumsilentinm,
609 1206 658 1259 sed
675 1207 757 1260 etiam
774 1223 882 1276 operam
894 1207 1030 1276 pollicere·

125 1283 174 1329 tur.
205 1278 328 1344 Namque
340 1275 445 1328 abunde
457 1277 600 1328 constantis
610 1276 701 1345 animi,
715 1284 741 1328 et
754 1275 849 1344 dignus
861 1277 906 1346 qui
918 1277 1030 1345 pudicus

124 1354 202 1412 esset,
223 1345 286 1398 nihil
307 1362 340 1397 ex
360 1344 468 1413 pristina
480 1345 613 1397 voluntate
634 1353 789 1414 mutaverat,
808 1345 855 1397 sed
873 1363 902 1398 se
920 1357 1028 1414 captum

126 1415 213 1467 Dimni
224 1431 314 1466 amore
327 1413 467 1466 simulabat
479 1414 543 1465 nibil
557 1431 695 1466 recusare·
718 1414 849 1469 Sciscitari
861 1415 922 1467 inde
935 1417 1027 1486 pergit,

124 1498 186 1535 curn
199 1483 306 1562 quibus⁴
318 1490 405 1534 tantae
418 1483 455 1534 rei
468 1483 620 1602 sooiqtatem
631 1483 742 1562 ¹inisset:
762 1483 906 1563 plurimum
922 1484 1027 1555 referre,

124 1552 360 1689 lldlllllll
372 1552 1028 1691 tttt‘tlttttttltttgttttgtffttt

122 1690 274 1759 gratulatur,
287 1688 356 1759 quod
369 1689 517 1743 fortissimis
533 1690 662 1759 juvenum
673 1708 725 1744 non
736 1691 881 1745 dubitasset
894 1709 923 1744 se
935 1690 1027 1761 adjun-

123 1776 185 1881 ξατο
198 1760 339 1828 Demetrio,
352 1759 466 1828 corporis
482 1759 591 1830 custodi,
608 1760 747 1829 Peucolao,
759 1761 891 1815 Nicanori.
927 1762 1028 1830 Adjicit

143 1828 165 1881 is
177 1829 369 1898 Apboebetum,
382 1830 500 1896 Jocerrm,
514 1829 670 1899 Dioxerrum,
684 1831 862 1900 Archopotirn,
871 1834 1026 1898 Amyntam.

155 1903 199 1951 26.
215 1899 258 1952 Ab
267 1899 317 1952 hoc
326 1898 579 1965 sermonedimissus
586 1899 767 1953 Nicomachus
775 1902 808 1952 ad
819 1899 934 1967 fratrem,
945 1900 1026 1952 Ceba-

123 1966 176 2020 lino
193 1976 249 2020 erat
267 1985 371 2035 nomen,
383 1984 451 2037 quae
469 1977 608 2036 acceperat
625 1968 719 2020 defert.
755 1970 852 2037 Placet,
868 1969 953 2038 ipsum
966 1970 1026 2022 sub-

123 2035 215 2089 sistere
233 2040 258 2088 in
277 2037 453 2106 tabernaculo,
472 2054 513 2103 ne,
533 2038 553 2088 si
574 2039 672 2105 regiam
691 2038 819 2118 intrasset,
837 2056 888 2090 non
904 2049 1027 2091 assuetus

121 2103 195 2157 adire
216 2123 313 2174 regern,
334 2105 461 2174 conjurati
486 2105 599 2174 proditos
619 2124 647 2158 se
667 2124 727 2158 esse
750 2117 929 2160 resciscerent.
967 2109 1026 2176 lpse

122 2173 265 2227 Cebalinus
276 2183 337 2226 ante
351 2174 509 2226 vestibulum
528 2175 623 2241 rogiae,
637 2177 808 2244 nequeenim
821 2178 926 2246 propius
937 2177 1026 2229 aditus

122 2242 148 2294 ei
160 2243 275 2313 patebat,
290 2243 407 2295 consistit
433 2244 572 2312 opperiens
589 2244 707 2313 aliquem
725 2246 871 2298 amicorum
889 2263 923 2298 ex
941 2248 1026 2315 prima

122 2312 246 2382 cohorte‚⁵
256 2313 318 2383 quo⁸
330 2282 535 2365 introduceretur
547 2313 581 2364 ad
595 2331 692 2382 regern.
711 2315 789 2368 Forte
799 2315 893 2367 ceteris
901 2315 1024 2386 dimissis,

123 2374 189 2435 u'nus
202 2383 324 2453 Philotas,
338 2383 518 2436 Parmenionis
535 2382 613 2451 filius,
626 2384 756 2436 incertum
769 2402 848 2454 quarn
861 2383 895 2436 ob
907 2402 1024 2456 causam,

122 2451 273 2505 substiterat
296 2452 321 2505 in
347 2452 425 2520 regia.
461 2452 528 2504 Huic
548 2451 696 2522 Cebalinus²
717 2470 761 2505 ore
781 2454 890 2506 confuso
910 2471 1025 2521 magnae

121 2522 322 2589 perturbationis
334 2531 408 2575 notas
418 2539 481 2591 prae
493 2537 523 2574 se
535 2521 630 2591 ferens,
640 2523 725 2591 aperit
736 2539 804 2592 quae
817 2540 851 2575 ex
862 2523 943 2575 fratre
954 2540 1025 2577 corn·

120 2600 231 2660 parerat,
245 2600 271 2643 et
283 2593 340 2644 sine
352 2591 475 2644 dilatione
487 2591 599 2643 nuntiari
611 2593 665 2659 regi
676 2590 760 2661 jubet.
791 2593 913 2660 Philotas,
927 2592 1025 2644 collau-

120 2657 181 2710 dato
194 2676 232 2727 eo,
245 2661 362 2730 protinus
374 2661 451 2713 intrat
463 2661 495 2711 ad
509 2661 697 2729 Alexandrum,
711 2660 847 2730 multoque
862 2662 975 2714 invicem
989 2661 1024 2714 de

149 2831 155 2854 ¹
170 2833 175 2852 ⁸
184 2825 279 2895 Hovin'g
288 2826 368 2876 seized
377 2828 422 2875 and
431 2828 544 2886 clasped.’
569 2816 692 2890 Complecti
699 2830 719 2878 is
727 2806 860 2879 often'used
869 2831 897 2878 of
902 2832 942 2879 the
952 2832 1023 2881 band.

147 2883 243 2932 'What
259 2901 279 2933 rs
295 2889 330 2933 tic
346 2888 369 2934 in
385 2887 459 2935 direct
473 2887 562 2946 speech
578 2891 690 2936 becomes
701 2891 742 2938 itte
752 2891 775 2938 in
787 2891 828 2938 the
839 2893 913 2938 oratio
923 2893 1022 2951 obliquo.

121 2943 167 2992 Sos
179 2943 267 3003 Zumpt
290 2945 355 2996 §703

117 2980 729 3151 ..lllltlttttt‘tlltt‘tltttpttatf
742 3014 826 3126 ‘¹¹¹⁰Vf
842 3008 910 3058 hm*
944 3011 981 3057 ‘³⁸
998 3020 1024 3057 ¹⁰

165 3121 420 3288 Spqqqqqmcqqoqpriq
429 3138 574 3230 qqrparqqqhe
590 3182 641 3231 first
653 3184 738 3254 cohort
752 3185 779 3232 of
791 3186 832 3233 the
843 3186 929 3250 ἑταῖροι,
943 3203 969 3234 as
980 3187 1022 3235 tlre

117 3255 186 3309 cqrps
197 3257 220 3309 οΙ
237 3240 396 3309 Macedonian
406 3241 506 3310 cavalry·
513 3257 563 3289 was
574 3241 658 3290 called.
690 3244 752 3292 This
763 3243 815 3292 first
827 3245 909 3293 cohort
922 3244 969 3294 had
981 3246 1022 3294 tho

117 3297 308 3421 drqtqqqtrrqrrfflqlf1⁸
321 3299 470 3421 quqdrqqqthe
482 3300 563 3360 krng's
574 3316 669 3384 person.
