2274 3772
107 194 168 246 212
378 207 417 245 aa
441 206 548 245 essars
570 204 746 245 stannum

107 318 141 368 ad
165 316 265 368 flumen
285 317 370 368 Oxum
392 323 548 384 perventum
573 324 623 366 est.
658 313 716 380 Hic,
739 313 808 382 quia
829 313 940 369 limum
960 315 1039 385 vehit,

109 385 231 438 turbidus
249 402 362 453 semper,
382 384 522 436 insalubris
539 393 580 435 est
599 383 676 452 potui.
714 382 814 452 ltaque
836 393 945 452 puteos
962 386 1041 439 miles

108 467 232 522 coeperat
257 454 353 506 ludere.
391 455 449 506 Nec
474 463 562 505 tamen
587 453 667 504 humo
690 451 745 502 alte
771 462 875 519 egesta
902 455 1039 509 existebat

109 522 219 590 humor,
238 525 309 575 cum¹
329 524 354 575 in
375 523 430 591 ipso
449 522 619 574 tabernaculo
635 521 705 588 regis
722 532 895 589 conspectus
912 535 958 576 est
973 524 1037 592 lons,

130 609 190 643 uem
221 594 284 660 quia
312 592 386 643 tarde
417 601 577 659 notaverant,
608 590 693 642 subito
725 592 853 644 extitisse
887 593 1035 647 finxerunt.

109 610 219 729 Xexque
233 664 288 730 ipsa
302 661 373 713 credi
386 661 475 727 voluit,
489 660 599 713 deorum
612 659 710 711 donum
723 660 750 714 id
764 659 864 714 luisse.
897 662 1037 732 Superatis

109 730 209 782 deinde
229 730 352 783 amnibus
370 729 442 782 Ocho
463 737 489 780 et
509 731 573 797 Oxo,
594 729 628 781 ad
653 728 748 782 u'rbero
769 729 956 799 Marganiam
981 750 1035 802 per·

110 800 191 852 venit.
227 800 304 852 Circa
315 817 376 854 eam
389 799 424 850 Vl
437 798 540 867 oppidis
552 797 697 851 condendis
708 797 795 850 electa
808 800 899 853 sedes
911 816 973 855 est:
986 802 1034 855 duo

110 868 146 921 ad
166 869 310 921 Meridiem
329 885 413 933 versa,
435 876 556 936 quattuor
576 867 724 937 spectantia
744 867 898 937 Orientem,
920 871 1033 924 modicis

112 939 180 991 inter
198 955 226 988 se
245 938 338 1007 spatiis
355 937 496 1005 distabant,
516 954 549 988 ne
569 936 658 1006 procul
677 936 858 1004 repetendum
879 954 960 993 esset
981 957 1032 993 mu·

112 1017 187 1060 tunm
206 1007 343 1059 auxilium.
380 1007 452 1058 Haec
478 1007 567 1058 omnia
593 1007 644 1059 sita
669 1014 730 1057 sunt
757 1006 784 1058 in
804 1005 892 1060 editis
911 1010 1029 1077 collibus,

112 1086 168 1129 tum
182 1078 254 1128 velut
267 1076 332 1128 freni
345 1075 504 1128 domitarum
517 1077 646 1144 gentium,
660 1092 729 1128 nunc
740 1075 852 1143 originis
867 1094 942 1131 suae
953 1079 1030 1133 oblita

111 1147 239 1212 serviunt,
253 1146 349 1214 quibus
361 1146 566 1214 imperaverunt.

147 1222 189 1268 41,
209 1217 242 1269 Εῑ
265 1227 355 1268 cetera
378 1213 487 1282 quidem
511 1225 652 1282 pacaverat
678 1230 733 1266 rex.
768 1213 831 1266 Una
859 1225 922 1268 erat
951 1226 1029 1286 petra,

111 1302 194 1354 quam
212 1287 353 1338 Arimazus
378 1283 524 1352 Sogdianus
547 1300 610 1337 curn
633 1283 704 1336 XXX
727 1282 837 1335 milibus
863 1296 1028 1341 armatorum

111 1355 256 1418 obtinebat,
270 1354 403 1406 alimentis
421 1361 483 1404 ante
502 1353 642 1420 congestis,
662 1369 731 1420 quae
751 1360 841 1404 tantae
862 1355 1030 1410 multitudini

112 1424 168 1475 vel²
186 1441 231 1492 per
248 1423 386 1474 biennium
405 1431 583 1490 suppeterent.
621 1423 698 1474 Petra
718 1421 744 1473 in
764 1420 944 1477 altitudinem
965 1425 1030 1479 XXX

112 1494 214 1544 eminet
227 1491 318 1558 stadia,
329 1492 437 1542 circuitu
452 1491 471 1542 C
484 1500 510 1542 et
523 1491 543 1543 L
556 1490 746 1559 complectitur.
782 1490 915 1561 Undique
928 1495 1030 1549 abecias

112 1570 141 1612 et
161 1560 273 1628 abrupta
292 1561 387 1612 semita
407 1570 565 1627 perangusta
584 1560 680 1612 aditur.
717 1560 747 1612 Iu
767 1560 861 1613 medio
880 1561 1031 1617 altitudinis

113 1630 199 1698 spatio
224 1628 304 1681 habet
328 1645 447 1696 specum,
474 1628 550 1697 cujus
573 1642 712 1682 osanam
742 1637 769 1681 et
799 1628 952 1686 obscurum
977 1644 1030 1701 est,

114 1699 243 1768 paulatim
267 1697 363 1750 deinde
388 1698 510 1750 ulteriora
534 1698 700 1768 panduntut;
727 1698 822 1750 ultima
849 1701 940 1755 etiam
965 1703 1030 1755 altos

114 1785 235 1821 recessus
253 1768 371 1820 habent.³
407 1768 503 1820 Fontes
515 1784 561 1836 per
572 1776 655 1820 totum
668 1767 725 1819 fere
743 1768 864 1836 spatium
883 1784 1032 1841 manant,e

112 1838 210 1906 quibos
234 1838 345 1890 collatae
368 1854 455 1906 aquae
479 1854 525 1905 per
543 1854 623 1906 prona
641 1837 738 1890 montis
762 1837 865 1891 flumen
891 1841 1030 1895 emittant.

113 1908 177 1974 Rex,
198 1907 247 1959 loci
266 1907 423 1960 difficultate
447 1915 574 1975 spectata,
594 1915 720 1959 statuerat
739 1906 801 1958 inde
819 1906 916 1977 abire;
936 1911 1032 1980 cupido

112 1977 211 2029 deinde
237 1978 344 2029 incessit
368 1979 476 2045 animo,⁴
498 1985 620 2029 naturam
645 1992 750 2044 quoquc
774 1975 917 2042 fatigandi.
960 1981 1033 2034 Prius

114 2058 203 2098 tamen
223 2063 304 2112 quam
323 2047 455 2098 fortunam
472 2045 615 2098 obsidionis
632 2045 801 2114 experiretur,
815 2046 932 2114 Cophen
948 2052 1034 2121 (Arta-

114 2113 173 2166 bazi
187 2114 230 2165 hic
243 2115 313 2166 filius
325 2115 393 2183 erat)
405 2116 478 2167 misit
490 2114 524 2166 ad
543 2114 673 2183 barbaros,
687 2114 733 2183 qui
750 2114 887 2185 suaderet,
902 2128 934 2171 ut
954 2120 1035 2173 dede·

115 2191 171 2235 rent
186 2199 286 2250 rupern.
323 2184 462 2235 Arimazes
474 2184 529 2236 loco
547 2183 629 2236 fretus
647 2184 760 2252 superbe
778 2183 866 2238 multa
886 2191 1035 2259 respondit,

112 2252 147 2304 ad
169 2251 300 2319 ultimum,
314 2269 347 2303 an
360 2252 511 2304 Alexander
523 2252 611 2304 volare
631 2253 742 2322 posset?
761 2253 919 2320 interrogat.
960 2259 1035 2318 Quae

114 2323 234 2374 nuntiata
247 2321 301 2388 regi
314 2322 352 2374 sic
364 2320 510 2374 accendere
522 2322 649 2390 animum,
663 2333 692 2375 ut
703 2321 837 2390 adhibitis,
850 2340 922 2379 curn
935 2329 1036 2397 quibus

116 2392 265 2443 consultare
289 2401 343 2444 erat
367 2391 465 2458 solitus,
491 2391 618 2444 indicaret
641 2391 808 2444 insolentiam
832 2392 954 2465 barbari,
983 2399 1036 2451 elu-

113 2461 201 2514 dentis
214 2463 290 2530 ipsos,
304 2462 367 2530 quia
387 2461 480 2530 pinnas
500 2478 551 2513 non
571 2461 708 2513 haberent.
744 2460 777 2513 Sa
795 2471 892 2516 autern
914 2469 1037 2534 proxima

113 2540 189 2583 nocte
203 2531 368 2598 effecturum,
383 2539 410 2582 ut
423 2533 542 2582 crederet
554 2530 718 2583 Macedones
730 2529 812 2582 etiarn
826 2531 934 2588 volare.
974 2538 1037 2590 Tre·

113 2610 212 2668 centos,
227 2602 318 2670 inquit,
332 2601 538 2670 pernicissimos⁵
558 2599 666 2652 'uvenes
687 2616 721 2651 ex
741 2599 795 2651 suis
815 2600 938 2672 quisque
951 2606 1037 2676 copiis

114 2668 251 2736 perducite
270 2669 304 2722 ad
324 2687 375 2737 me,
389 2670 434 2739 qui
454 2687 500 2738 per
520 2687 551 2722 ca
563 2669 602 2720 les
620 2677 647 2720 et
659 2685 745 2737 paene
757 2668 843 2722 invias
856 2687 945 2742 rupes
964 2675 1038 2729 domi

114 2753 210 2803 pecora
222 2755 299 2805 agere
313 2747 511 2791 consueverant.
547 2738 588 2791 Illi
602 2747 765 2807 praestantes
777 2749 803 2790 et
815 2737 935 2796 levitate
948 2762 1039 2815 corpo-

116 2821 174 2856 rum
188 2816 214 2857 et
226 2806 317 2859 ardore
329 2809 477 2860 animorum
490 2817 596 2861 strenue
608 2807 751 2876 adducunt,
765 2824 833 2875 quos
852 2809 970 2867 intuens
982 2832 1038 2885 rex,

115 2873 268 2943 Vobiscum,
288 2877 409 2946 inquit,o
426 2876 539 2946 juvenes
556 2886 582 2929 et
600 2878 656 2928 mei
672 2875 806 2945 aequales,
819 2878 938 2935 urbium
957 2885 1041 2937 invio.

115 2952 202 2995 tarum
213 2952 275 2996 ante
288 2947 452 2998 munimenta
465 2947 593 3015 superavi,
607 2946 739 2998 montium
755 2945 819 3014 juga
838 2953 960 3017 perenni
979 2956 1042 3007 nive

147 3086 154 3109 ¹
167 3079 285 3139 Compare
297 3092 362 3137 note,
375 3083 415 3129 vii.
428 3087 463 3130 20.

144 3141 199 3188 ῃΑε
212 3150 236 3187 to
248 3140 288 3187 the
301 3156 343 3187 usc
354 3139 381 3187 of
393 3144 437 3196 cel,
449 3157 489 3189 see
502 3143 600 3202 Zumpt,
614 3144 688 3194 ttae.

144 3199 286 3259 “Litersttp
302 3199 347 3246 ‘its
359 3198 461 3247 lurthest
473 3214 537 3259 parts
554 3202 614 3249 have
631 3218 693 3249 even
703 3201 764 3262 deep
775 3217 889 3253 recesses
900 3208 920 3264 ;'
936 3210 993 3260 that
1009 3212 1032 3261 is

117 3264 155 3307 ‘at
165 3259 196 3306 its
205 3259 335 3365 extremitp
343 3258 410 3305 there
419 3274 458 3306 are
468 3274 576 3309 recesscs
586 3261 666 3308 which
675 3276 719 3328 run
728 3261 763 3309 sar
772 3261 822 3308 into
831 3262 875 3310 the
885 3246 1040 3320 mountain.3

143 3318 183 3426 dh
204 3319 281 3379 might
302 3333 353 3365 aso
374 3318 435 3365 have
456 3319 519 3366 been
537 3320 578 3367 the
594 3329 740 3368 accusative.
773 3319 820 3368 See
839 3321 928 3374 Grom.
948 3328 979 3382 §b
996 3334 1043 3379 250

110 3391 142 3426 an
168 3381 220 3427 265.

137 3437 203 3490 ’Sec
214 3449 274 3492 note
286 3439 327 3491 vii.
340 3442 380 3491 32.
