2274 3772
112 68 150 122 ta
378 82 417 120 aa
441 82 548 121 cassis
570 81 754 121 uterinam.

113 207 181 241 vana
193 188 309 258 perfecto
322 191 348 243 ei
362 190 445 243 videri
463 191 590 259 potuisset
600 191 617 241 :¹
636 189 683 241 sed
702 189 811 257 fortuna,
824 204 893 257 quos
908 189 957 242 uni
973 189 1028 245 sibi

112 260 220 312 credere
233 261 340 329 coegit,¹
351 276 446 328 magna
464 276 497 311 ex
515 269 588 327 parte
606 257 699 310 avidos
716 258 815 327 gloriae
833 258 928 328 magis,
942 276 1029 329 quam

112 344 225 397 capaces
238 328 309 381 facit.
338 329 587 397 Jovisigiturfilium
598 345 685 380 senon
696 326 918 397 solumappellari
928 344 1028 397 passus

112 411 151 449 cst
173 397 219 448 sed
233 399 314 451 etiarn
325 397 409 467 jussit,
423 415 564 466 rerumque
576 410 712 464 gestarum
724 397 832 465 famam,
845 394 910 449 dum
923 414 1027 467 augere

113 483 145 518 vu
159 467 179 518 1³
193 467 236 519 tali
256 469 440 538 appellatione,
454 469 574 536 corrupit.
612 468 645 519 Et
663 467 834 534 Macedones,
847 468 950 518 assueti
964 467 1025 537 qui-

111 536 174 588 dem
196 537 265 604 regio
286 537 404 606 imperio,
426 536 519 589 sedin
540 536 638 605 majore
660 536 786 589 libertatis
807 534 920 603 umbra,⁴
941 538 1025 606 quatu

112 616 216 658 ceterae
224 615 325 676 gentes,
336 607 559 660 immortalitatem
568 605 738 658 affectantem
748 606 932 658 contumacius
940 622 1025 675 quam

111 684 155 726 aut
176 675 239 744 ipsis
257 676 422 745 expediebat,
440 685 485 728 aut
502 675 563 744 regi,
580 676 695 728 aversati
713 684 781 728 sunt.
818 674 869 726 Sed
888 670 959 727 haec
977 692 1026 728 suo

112 761 233 814 quaeque
246 745 358 814 tempori
370 754 549 798 reserventur:
568 761 639 796 nunc
651 754 740 797 cetera
751 761 801 796 exe
822 745 848 796 ui
859 760 982 813 pergam.

147 817 187 865 33.
209 814 367 884 Alexander,
387 815 421 869 ab
441 815 590 867 Hammone
610 813 722 884 rediens,
745 823 773 866 ut
825 814 925 867 areotin
950 814 1025 934 palu-

111 883 194 951 dem,⁵
211 882 281 936 haud
301 885 391 954 procul
410 883 496 937 insula
516 882 601 936 Pharo
622 883 708 953 sitam,
727 883 806 952 veuit,
825 891 954 953 contemp
965 890 1026 943 atus

112 952 160 1004 loci
175 963 303 1021 naturam,
317 953 433 1024 primum
452 953 478 1005 in
497 954 555 1022 ipsa
572 951 659 1004 insula
677 962 802 1005 statuerat
814 951 908 1021 urbem
922 968 1024 1006 novam

111 1021 233 1074 condere.
264 1023 336 1091 Inde,
350 1032 379 1075 ut
391 1041 425 1093 ap
444 1022 512 1076 aruit
525 1038 637 1090 magnae
650 1022 721 1074 sedis
732 1021 846 1075 insulam
858 1021 929 1075 haud
944 1038 978 1074 ca
1014 1052 1024 1063 ·

111 1108 169 1143 cem
183 1109 249 1156 esse,
260 1091 342 1161 elegit
353 1093 411 1146 urbi
423 1041 519 1161 iteum,
530 1091 575 1144 ubi
587 1108 657 1144 nunc
668 1099 709 1144 est
720 1090 889 1160 Alexandria,
904 1038 1025 1160 appeffi·

111 1161 209 1214 tionem
220 1161 328 1214 trahens
338 1179 372 1214 ex
384 1163 489 1215 nomine
502 1161 623 1212 auctoris.
660 1161 724 1214 com
745 1161 821 1214 lexas
832 1160 963 1239 quicquid
976 1160 1025 1214 soli

110 1241 151 1282 est
164 1231 231 1283 inter
243 1231 368 1310 paludem
385 1250 418 1284 ac
437 1248 518 1297 mare,
532 1231 663 1298 octoginta
681 1179 826 1284 stadiorum
842 1245 926 1283 murts
937 1230 1026 1285 ambi·

110 1310 168 1352 tum
185 1299 313 1370 destruat3
332 1309 359 1353 et
374 1302 418 1370 qui
435 1299 651 1353 exaedificandae
669 1299 727 1353 urbi
744 1308 898 1369 praeessent
913 1298 1025 1369 relictis,

110 1369 260 1438 Memphim
278 1371 353 1438 petit.
389 1370 499 1440 Cupido,
513 1369 584 1421 haud
604 1367 701 1438 injusta
719 1369 837 1439 quidem,
850 1377 974 1438 ceterum
987 1369 1025 1423 iu·

111 1449 164 1489 tem
216 1441 276 1506 tiva,
287 1439 438 1508 incesserat,
453 1456 505 1492 non
518 1438 641 1491 interiora
651 1439 731 1491 modo
744 1440 820 1509 Aegy
839 1439 867 1506 ti,
878 1436 928 1490 sed
940 1439 1026 1492 etiam

110 1456 278 1575 Aetfiiiipiam
291 1509 407 1561 invisere
416 1509 434 1561 :⁶
452 1507 607 1562 Memnonis
619 1507 780 1578 Tithonique
792 1457 928 1561 celebrata
941 1509 1026 1577 regist

110 1577 308 1643 cognoscendae
317 1578 456 1631 vetustatis
464 1578 573 1630 avidum
582 1576 702 1630 trahebat
714 1594 800 1648 paene
812 1587 887 1631 extra
894 1578 1027 1631 terminos

110 1646 180 1697 solis.
223 1646 275 1699 Sed
294 1647 438 1700 imminens
454 1647 564 1716 bellurn,
585 1645 663 1715 cujus
680 1646 764 1700 multo
782 1646 867 1717 major
884 1658 1026 1716 supererat

110 1715 201 1783 moles,
226 1716 328 1769 otiosas
354 1717 558 1797 peregrinationi
588 1724 707 1795 tempora
736 1723 880 1770 exemerat.
927 1715 1026 1787 Itaque

110 1789 232 1855 Aegypto
244 1785 372 1855 praefecit
385 1786 551 1856 Aeschylum
566 1784 700 1839 Rhodium
718 1795 745 1840 et
763 1785 913 1840 Peucesten
930 1784 1026 1839 Maca·

110 1854 214 1924 donem,
227 1865 351 1927 quattuor
362 1856 470 1910 milibus
486 1855 601 1910 militum
620 1855 645 1908 in
663 1855 823 1924 praesidium
836 1855 950 1925 regionis
964 1854 1026 1925 ejus

109 1923 192 1976 datis:
212 1925 327 1979 claustra
338 1927 394 1980 Nili
407 1927 525 1979 fluminis
537 1924 709 1978 Polemonem
722 1924 788 1979 tueri
805 1924 880 1995 jubet
888 1941 896 1995 3
915 1925 1025 1994 triginta

109 1993 143 2045 ad
156 1993 205 2045 hoc
219 1995 341 2048 triremes
352 1996 440 2048 datae.
476 1995 584 2048 Africae
596 1993 704 2046 deinde
715 2011 782 2064 quae
795 1999 918 2064 Aegypto
928 1993 1025 2064 juncta

110 2072 158 2129 est,
182 2064 347 2133 praepositus
369 2063 537 2134 Apollonius:
565 2033 741 2132 vectigalibus
765 2063 887 2134 ejusdem
910 2062 1024 2117 Africae

139 2212 145 2232 ¹
160 2203 229 2252 ‘Had
245 2203 275 2250 he
291 2203 383 2251 formed
395 2213 471 2251 atrue
488 2202 535 2250 and
550 2202 649 2262 healthy
662 2211 736 2260 (nota
762 2204 881 2253 assionate
892 2212 949 2259 oue)
959 2206 1019 2255 esti=

110 2264 201 2312 marion
216 2263 244 2311 of
254 2263 297 2310 the
313 2273 409 2319 matter,
419 2263 463 2331 ¹the
477 2262 683 2311 trustworthiness
699 2263 727 2311 of
739 2219 779 2311 tiis
795 2263 874 2312 oracla
889 2262 971 2313 would
987 2280 1022 2314 no

109 2323 184 2372 doubt
194 2323 256 2371 haus
267 2322 387 2382 appeared
394 2322 485 2382 slight!

124 2388 147 2490 1⁹
159 2383 256 2465 ‘fhose
266 2383 347 2431 whom
358 2383 375 2430 it
388 2381 498 2438 (fortune)
507 2381 551 2430 has
560 2380 640 2429 forced
652 2392 677 2430 to
687 2381 755 2441 place
763 2380 902 2430 confidence
912 2382 939 2430 in
949 2382 1022 2433 itastt

109 2458 185 2491 none.

138 2507 146 2530 ²
158 2501 278 2563 Regardin
307 2501 348 2550 the
359 2511 455 2561 present
467 2499 600 2555 withdraw,
613 2514 654 2547 see
668 2500 747 2548 Gram.
760 2499 833 2551 5332.

138 2561 257 2610 “Under
273 2517 314 2608 the
330 2561 404 2609 shade
414 2562 430 2619 ;'
453 2560 505 2608 that
522 2560 551 2615 is,
566 2559 737 2627 {protection’
765 2559 825 2628 ,The
844 2558 1022 2611 Macedoniam

110 2635 173 2667 wore
190 2631 231 2668 not
247 2619 364 2680 slavishly
380 2621 475 2679 subject
491 2627 516 2666 to
532 2618 594 2665 their
610 2618 695 2678 kings;
712 2617 748 2666 fo‘r
764 2628 882 2675 instance,
900 2616 943 2666 thc
960 2619 1022 2683 king

110 2679 180 2727 could
196 2689 237 2726 not
254 2690 296 2738 put
312 2694 359 2738 any
376 2678 535 2726 Macedonian
548 2688 573 2725 to
586 2677 657 2725 death
669 2677 771 2725 without
782 2693 797 2726 a
807 2677 888 2737 public
898 2678 963 2735 trial,
975 2694 1022 2728 nor

111 2737 133 2784 in
145 2753 194 2785 wer
205 2738 307 2786 without
318 2754 331 2785 a
343 2737 397 2785 trial
407 2739 440 2796 by
451 2737 489 2784 his
500 2736 702 2785 fellow-soldiers.

140 2804 147 2827 ³
159 2796 212 2843 The
224 2797 369 2855 proposition
380 2799 411 2844 ad
421 2796 496 2856 ought
504 2797 615 2864 properly
626 2806 652 2843 to
662 2796 723 2843 have
735 2796 796 2843 been
807 2795 943 2855 employed.
971 2797 1022 2847 Sec

112 2856 191 2902 Grom.
205 2855 280 2911 §252
294 2864 349 2903 note
361 2858 382 2902 3.
414 2854 450 2903 Its
461 2856 577 2903 omission
588 2855 609 2902 is
620 2871 634 2902 a
645 2854 748 2914 poetical
758 2855 929 2903 construction.
963 2855 1020 2905 Ma-

110 2912 1020 3024 tt‘lltlitlt‘tttttlt‘hithe?'utut‘Vlltltlllthtt‘l's

110 3034 212 3092 perhaps
224 3035 326 3080 because
337 2989 367 3080 oi
377 3032 408 3080 its
419 2989 460 3080 iot
473 3033 545 3093 being
555 3032 594 3081 fed
606 3034 638 3092 by
649 2991 744 3091 epuiis
755 3032 783 3079 of
794 3032 825 3080 its
836 3046 899 3078 own.
1008 3010 1016 3029 ’

137 3099 145 3121 ⁰
157 3092 205 3139 For
216 3092 257 3139 the
269 3092 431 3139 construction
442 3094 524 3153 cupido
535 3094 645 3147 invisere,
658 3107 699 3139 soe
711 3090 790 3139 Gram.
803 3090 878 3146 lm,
892 3100 949 3138 note
961 3095 985 3141 3.

138 3156 144 3177 ’
158 3151 232 3199 What
244 3151 371 3211 particular
381 3149 462 3210 palace
471 3151 498 3198 of
506 3151 546 3198 the
556 3151 666 3198 sabulous
679 3150 807 3211 Ethiopian
816 3150 859 3197 ltin
878 3165 890 3196 s
899 3148 1021 3201 Memnon

109 3210 154 3258 and
169 3210 206 3259 his
220 3211 298 3259 father
309 3210 431 3258 Tithonus
442 3211 462 3257 is
473 3210 576 3257 referred
588 3221 621 3265 to,
635 3225 671 3257 we
684 3210 756 3257 know
767 3220 816 3259 not.
890 3223 930 3256 ere
941 3224 997 3261 was
1007 3227 1023 3260 a

108 3270 189 3325 palace
201 3269 228 3317 of
236 3269 353 3318 Memnon
363 3278 387 3317 at
399 3268 503 3328 Abydus
515 3270 538 3316 in
548 3269 630 3328 Upper
639 3269 729 3328 Egypt,
740 3267 785 3315 and
796 3266 889 3336 further
898 3266 983 3325 south.
996 3268 1023 3319 in

109 3327 217 3386 Thebes,
231 3329 298 3378 there
310 3344 374 3378 were
385 3327 455 3376 other
464 3329 602 3377 memoriale
613 3327 642 3376 os
653 3343 667 3375 a
677 3327 790 3375 monatch
801 3326 830 3375 of
840 3326 889 3375 thts
900 3340 983 3377 name.
