2274 3772
128 162 186 223 Μ
392 180 432 220 na
454 176 561 220 auaris
582 179 766 221 sanxerunt.

127 297 176 360 est,
189 288 277 343 inania
293 288 415 359 sepulcra
433 304 493 342 esse
512 304 610 358 regum,
622 300 685 342 cum
703 298 866 359 satraparum
879 288 986 342 domus
997 306 1047 344 au·

127 376 187 413 rurn
199 358 260 411 inde
272 368 395 427 egestum
406 375 502 428 capere
517 375 567 411 non
584 359 704 427 possint?
739 358 816 417 Quod
827 357 862 411 ad
873 374 921 410 me
934 360 1046 431 attinet,

126 429 185 499 ipse
197 428 246 481 hcc
258 429 366 481 bustum
378 437 439 480 ante
451 443 501 480 non
514 426 648 480 videram:
667 428 714 480 sed
727 444 761 481 ex
774 430 857 481 Dareo
875 427 914 480 ita
933 430 1046 500 accepi,

127 499 176 551 tria
187 498 261 551 milia
274 497 404 550 talentum
415 497 522 552 condita
535 513 595 549 esse
607 514 668 550 cum
680 498 756 567 Cyro.
793 497 860 550 Hinc
878 497 925 549 illa
944 497 1046 569 benig·

126 568 194 620 nitas
214 568 240 620 in
260 577 294 636 te,
316 576 351 635 nt,
371 566 441 636 quod
465 566 574 636 impune
598 567 696 620 habere
720 584 771 620 non
789 576 895 636 poterat
919 568 1044 639 Orsines,

125 635 246 690 donando
265 636 346 689 etiarn
362 637 475 705 gratiam
493 637 576 688 iniret.
614 637 795 689 Concitaverat
806 636 862 706 jam
873 637 1004 691 animum
1017 639 1046 692 in

125 707 206 759 iram:
226 723 288 759 cum
300 706 335 775 hi,
348 705 444 774 quibus
459 705 595 775 negotium
613 705 686 758 idem
703 706 819 774 dederat,
833 708 1044 775 superveniunt.

125 775 193 828 Hinc
205 776 313 844 Bagoas,
328 774 435 828 hincab
447 791 478 827 ec
491 774 632 844 subornati,
647 774 722 828 falsis
736 775 890 829 criminibus
902 786 1045 846 occupant

124 862 210 898 aures.
247 847 398 915 Antequam
409 845 527 898 accusari
540 861 570 897 se
581 845 758 914 suspicaretur
767 845 879 914 Orsines,
889 845 917 897 in
928 847 1045 900 vincula

124 922 165 967 est
185 915 304 968 traditus.
339 915 399 968 Non
419 922 559 966 contentus
581 915 710 983 supplicio
730 914 840 967 insontis
860 913 954 984 spado,
980 916 1043 986 ipse

124 985 247 1036 morituro
265 1000 373 1037 manum
393 982 493 1053 injecit.
529 983 615 1042 Quem
627 984 734 1037 Orsines
749 985 862 1054 intuens,
875 984 1041 1055 Audieram,

123 1052 214 1123 inquit,
228 1053 254 1106 in
272 1054 338 1106 Asia
354 1053 419 1105 olim
435 1069 560 1120 regnasse
578 1051 699 1124 feminas,
718 1054 769 1106 hoc
784 1069 847 1106 vero
864 1069 968 1106 novum
989 1064 1041 1126 est,

124 1138 234 1190 regnare
253 1121 414 1176 castratum!
452 1122 502 1175 llic
519 1121 571 1191 ¹luit
594 1123 680 1176 exitus
702 1122 858 1176 nobilissimi
882 1123 1041 1194 Persarum,

123 1208 174 1245 nec
185 1193 294 1245 insontis
305 1193 391 1262 modo,
401 1191 450 1244 sed
462 1192 577 1246 eximiae
589 1209 694 1262 qnoque
705 1192 878 1262 benignitatis
890 1193 918 1245 in
931 1210 1040 1262 regern.

124 1261 227 1316 Eodem
252 1271 370 1332 tempore
393 1260 558 1331 Phradates,¹
582 1279 691 1330 regnum
716 1261 858 1325 affectasse
881 1272 1040 1334 suspectus,

121 1332 258 1385 oooiditur.
294 1332 423 1401 Coeperat
439 1332 499 1384 esse
511 1348 639 1402 praesepe
650 1331 684 1384 ad
697 1331 921 1402 repraesentanda
933 1333 1040 1402 snppli-

121 1400 172 1470 cia,
186 1402 251 1455 item
262 1401 296 1454 ad
309 1401 439 1454 deteriora
450 1400 592 1453 credenda.
622 1401 728 1454 Scilicet
740 1416 782 1454 res
794 1400 929 1453 secundae
942 1403 1039 1456 valent

121 1480 286 1522 commutare
297 1478 427 1538 naturam,
441 1478 468 1522 et
486 1473 543 1522 raro
560 1472 704 1540 quisquam
721 1486 785 1539 erga
802 1469 872 1522 bona
889 1471 950 1523 sua²
969 1473 1039 1526 satis

120 1547 216 1591 cautus
233 1549 282 1591 est.
318 1539 394 1592 Idem
411 1539 483 1592 euim
502 1539 580 1608 paulo
598 1549 659 1592 ante
678 1538 1038 1609 LyncestenAlexandrum

120 1605 238 1660 delatum
256 1624 274 1660 a
290 1607 395 1660 duobus
411 1606 543 1661 indicibus
558 1608 684 1661 damnare
699 1626 751 1662 non
763 1608 932 1678 sustinuerat,
946 1609 1037 1664 humi-

120 1674 198 1729 liores
209 1693 314 1746 quoque
326 1693 384 1729 reos
396 1685 485 1730 contra
498 1694 577 1731 suam
588 1678 758 1747 voluntatem,
771 1679 834 1748 quia
845 1680 945 1732 ceteris
958 1680 1036 1734 vide·

120 1745 215 1799 bantur
234 1746 356 1817 insontes,
369 1763 464 1816 passus
481 1747 598 1816 absolvi3
618 1747 737 1802 hostibus
748 1748 827 1800 victis
843 1764 925 1816 regna
944 1749 1035 1802 reddi·

120 1815 208 1869 derat:
221 1816 256 1869 ad
268 1816 394 1870 ultimum
406 1832 468 1869 sero
480 1816 516 1869 ita
528 1826 585 1870 tum
597 1817 631 1869 ab
644 1818 786 1886 semetipso
798 1815 981 1887 degeneravit,
995 1828 1034 1900 ut,

120 1884 236 1938 invictus
253 1886 387 1955 qnondam
406 1885 534 1939 adversus
557 1885 695 1939 libidinem
713 1887 803 1953 animi,
822 1886 931 1939 arbitrio
953 1899 1035 1942 scorti

118 1954 177 2007 aliis
189 1972 270 2025 regna
281 1957 362 2026 daret,
375 1956 436 2009 aliis
447 1956 578 2009 adimeret
590 1956 682 2009 vitam.

154 2029 178 2076 6.
198 2026 298 2078 lisdem
311 2026 367 2078 iere
379 2026 474 2078 diebus
487 2025 588 2079 litteras
599 2026 695 2095 accipit
707 2025 741 2078 de
754 2024 833 2077 rebus
844 2024 870 2077 iu
883 2025 994 2096 Europa
1007 2038 1035 2081 et

118 2096 183 2146 Asia
201 2095 290 2164 gestis,
312 2095 377 2147 dum
398 2095 455 2163 ipse
479 2095 584 2148 Indiam
608 2096 720 2164 subegit.
757 2095 874 2164 Zopyrio,
896 2095 1035 2150 Thraciae

118 2164 288 2231 praepositus,
303 2180 364 2216 cum
383 2163 580 2233 expeditionem
598 2165 624 2216 in
637 2165 729 2218 Getas-‘³
740 2164 846 2230 laceret,
861 2168 1035 2233 tempestati-

117 2231 168 2283 bus
186 2232 361 2300 procellisque
380 2233 466 2285 subito
484 2233 586 2302 coortis,
600 2251 662 2286 curn
681 2242 732 2286 toto
750 2233 868 2286 exercitu
885 2249 1036 2302 oppressus

117 2309 180 2352 erat.
217 2301 276 2358 Qua
288 2302 392 2368 cognita
404 2301 487 2371 clade,
501 2303 614 2355 Seuthes
626 2302 751 2372 Odrysae⁴
762 2301 902 2372 populares
919 2321 985 2357 suos
998 2306 1036 2359 ad

118 2369 297 2424 defectionem
315 2370 486 2439 compulerat.
523 2372 631 2424 Amissa
648 2373 838 2442 propemodum
856 2371 984 2443 Thracia,
999 2392 1035 2428 ne

116 2440 229 2495 Graecia
241 2442 351 2511 quidem
368 2443 386 2478 ²*
405 2443 423 2476 '⁸⁸
442 2443 459 2477 l*

375 2595 537 2629 rautnsrrtcrttl
554 2595 758 2630 SUPPLEMENTUM·

116 2679 269 2740 [tumultibus
278 2681 424 2730 inconcussa
431 2680 530 2729 mansit.
547 2680 613 2728 Nam
622 2681 768 2740 Alexander,
777 2681 863 2743 punita
872 2688 1036 2747 satraparum

115 2746 266 2806 quorundam
284 2746 422 2804 insolentia,
433 2761 514 2807 quant,
526 2745 584 2794 dum
596 2746 622 2794 in
633 2752 741 2795 extremo
752 2749 807 2795 orbe
820 2746 940 2797 Indorum
952 2753 1035 2802 armis

115 2809 239 2867 attinetur,
251 2827 294 2872 per
310 2828 407 2860 summa
424 2811 517 2859 scelera
535 2817 607 2873 atque
624 2811 720 2876 flagitia
737 2813 763 2860 in
781 2812 945 2874 provinciales
963 2833 1034 2866 exer-

116 2881 223 2933 cuerant,
232 2882 367 2925 ceterorum
380 2883 473 2925 metum
485 2876 637 2926 intenderat:
649 2877 690 2939 qui
701 2877 728 2925 in
739 2878 838 2939 paribus
850 2878 951 2929 delictis
963 2882 1033 2932 idem

115 2941 277 2988 admissorum
298 2943 434 3002 praemium
454 2948 619 3003 expectantes,
640 2943 666 2991 in
686 2943 894 2991 mercenariorum
918 2947 1033 2996 militum

142 3073 149 3096 ι

140 3131 150 3155 ²
161 3067 324 3186 ‘Srigaviiilstlliis
335 3126 397 3185 good
408 3125 502 3174 fortune
511 3127 526 3183 ;'
538 3135 589 3183 not,
600 3143 627 3175 as
637 3127 716 3184 usual,
732 3127 840 3187 ‘against
851 3127 890 3176 bis
901 3144 960 3178 own
971 3147 1029 3191 pro·

112 3196 215 3291 pe³rtThe
227 3244 305 3313 Getae
317 3258 380 3290 were
396 3258 426 3290 an
442 3220 605 3304 independent
614 3237 708 3294 'branoh
724 3245 753 3293 of
764 3244 806 3293 the
819 3256 888 3314 great
900 3247 1029 3300 Thracian

112 3317 175 3358 raee,
187 3303 303 3363 dwellrng
318 3313 343 3350 to
359 3303 400 3351 the
416 3303 486 3350 north
502 3305 530 3352 of
541 3304 583 3354 the
595 3304 704 3353 Haemus
719 3314 864 3362 mountarns,
879 3306 927 3354 end
938 3323 971 3357 on
982 3309 1027 3360 tlte

107 3361 174 3410 rirer
183 3362 249 3411 ister
260 3362 388 3420 (Danube).

130 3423 174 3472 *Α
189 3423 317 3476 Thracian
327 3425 400 3476 tribe.
