2274 3772
393 221 395 223 g
482 174 574 214 arsen
593 172 645 212 vu.
961 158 1013 213 181

110 305 183 344 more
194 296 350 342 mutassem.
385 286 464 339 Nunc
475 299 546 350 vero,
559 282 589 350 si,
604 290 630 333 ut
641 281 766 334 omnibus
776 282 879 350 diebus,
893 282 936 334 illo
954 299 1017 353 quo·

111 375 171 429 que,
184 360 228 427 qui
242 369 382 426 suspectus
394 364 442 420 est,
456 353 576 418 fecimus,
591 351 753 403 consuetudo
765 351 848 403 diluet
861 352 971 405 crimen.

145 434 169 480 5.
188 427 254 481 sedi
267 443 349 495 equos
366 422 512 491 Antiphani
529 436 581 472 non
606 419 746 472 dedimus!
776 431 802 472 et
828 421 912 490 pridie
936 439 1017 492 quam

110 497 227 553 Philotas
247 497 368 548 detectus
388 502 436 560 est,
450 492 518 543 baec
537 489 604 542 mihi
626 507 688 541 cum
709 491 859 558 Antiphane
880 508 923 543 res
943 491 1015 546 erat!

111 568 154 636 qui
167 568 188 619 si
201 583 248 618 nos
260 573 398 632 suspectos
410 562 498 614 lacere
511 560 574 626 vult,
585 560 654 627 quod
668 559 711 610 illo
724 558 767 610 die
779 576 861 628 equos
874 578 923 613 non
937 561 1018 614 dede-

111 637 200 703 rimus,
227 636 408 702 semetipsum,
433 629 503 698 quod
533 645 579 679 eos
609 627 806 697 desideraverit,
832 647 942 698 purgare
967 647 1018 684 non

110 706 212 775 poterit.
250 707 356 771 Anceps
379 702 453 752 enim
470 699 570 751 crimen
589 705 629 748 est
648 697 714 749 inter
732 698 890 752 retinentem
915 710 940 752 et
964 702 1017 754 exi·

110 784 235 843 gentem,
259 773 308 824 nisi
332 770 401 840 quod
427 768 519 820 melior
542 776 583 818 est
606 783 686 818 eausa
711 784 788 819 suum
807 785 857 820 non
882 769 1016 840 tradentis,

110 861 189 912 quam
204 841 337 911 poscentis
348 840 474 891 alienum.
511 837 642 903 Cetenrm,
657 852 710 904 rex,
725 853 808 904 equos
819 838 914 890 decem
928 839 1016 909 habui,

112 912 238 981 equibus
249 910 414 978 Antiphanes
426 916 484 959 octo
502 905 556 973 jam
575 904 743 958 distribuerat
756 907 803 974 his,
817 909 860 976 qui
874 911 1018 962 amiserant

111 998 180 1034 suos.
216 980 340 1033 Omnino²
351 978 417 1030 duos
435 978 491 1045 ipse
510 975 657 1027 habebam:
677 991 821 1043 quoscum
840 978 918 1030 vellet
936 978 1017 1031 abdu-

111 1067 172 1103 cere
186 1050 264 1102 homo
277 1047 487 1116 superbissimus,
501 1053 573 1096 certe
586 1044 773 1113 iniquissimus,
787 1046 835 1098 nisi
855 1049 938 1115 pedes
949 1049 1018 1100 mili-

112 1131 167 1172 tare
181 1119 286 1184 vellem,
301 1118 413 1169 retinere
425 1115 547 1182 cogebar.
582 1114 641 1166 Neo
654 1114 748 1167 infitias
760 1130 799 1184 eo,
814 1115 888 1169 liberi
906 1117 1019 1170 hominis

109 1189 201 1241 animo
231 1189 346 1239 locutum
371 1202 430 1237 esse
455 1201 499 1236 me
522 1200 584 1236 cum
608 1183 786 1254 ignavissimo,
811 1195 837 1236 et
861 1185 910 1238 hoo
935 1204 1018 1241 unum

113 1258 223 1311 militiae
242 1273 306 1309 suae
326 1263 475 1324 usurpante,
495 1262 523 1305 ut
539 1252 642 1304 alienos
660 1269 744 1322 equos
762 1257 914 1328 pugnaturis
934 1256 1019 1308 distri-

112 1326 184 1380 buat.
221 1327 279 1379 Huc
291 1325 363 1378 enim
383 1323 511 1376 malorum
524 1331 633 1374 rentum
653 1332 701 1391 est,
715 1332 743 1374 ut
755 1323 838 1376 verba
850 1342 910 1377 mea
922 1326 1019 1379 eodem

111 1405 230 1464 tempore
249 1403 276 1447 et
294 1393 445 1447 Alexandro
464 1408 599 1460 excusem,
620 1399 647 1443 et
667 1393 820 1461 Antiphani.
857 1398 891 1446 At
910 1394 1019 1449 hercule

112 1476 199 1518 mater
222 1465 256 1517 de
280 1465 356 1517 nobis
379 1462 495 1515 inimicis
512 1462 566 1514 tuis
584 1461 702 1529 scripsit!
738 1463 847 1516 Utinam
865 1465 1020 1533 prudentius

112 1544 182 1587 esset
201 1534 310 1586 sollicita
328 1550 374 1602 pro
393 1532 454 1600 filio,
468 1544 495 1584 et
514 1531 576 1583 non³
587 1531 679 1584 inanes
690 1542 801 1602 quoque
820 1534 924 1603 species
941 1535 1019 1588 anxio

111 1605 200 1657 animo
229 1604 362 1672 figuraret.
409 1602 496 1660 Quare
526 1600 598 1653 enim
628 1617 679 1653 non
708 1602 834 1655 adscribit
863 1614 951 1657 metus
980 1604 1020 1658 sui

111 1675 240 1727 causaml
259 1674 374 1740 denique
388 1689 438 1723 non
451 1669 564 1722 ostendit
578 1671 733 1723 auctorem?
763 1672 821 1730 Quo
833 1673 902 1724 sacto
915 1674 1020 1726 dictove

111 1751 282 1796 nostromota
300 1752 355 1794 tam
376 1741 493 1809 trepidas
512 1739 560 1792 tibi
581 1739 682 1792 litteras
702 1741 825 1809 scripsit?
860 1744 1020 1796 Omiseram

111 1812 293 1865 condicionem
304 1827 403 1878 meam,
417 1811 479 1879 quia
491 1808 596 1860 forsitan
610 1826 659 1861 non
673 1810 847 1877 periculosius
864 1823 904 1864 est
923 1822 1019 1882 tacere,

111 1899 192 1951 quam
205 1881 313 1933 dicere!
345 1880 395 1933 Sed
409 1890 543 1946 utcunque
556 1888 662 1929 cessura
675 1895 717 1930 res
728 1889 775 1948 est,
786 1880 857 1933 malo
870 1881 916 1933 tibi
930 1881 1021 1934 defen·

113 1953 214 2003 sionem
233 1966 322 2002 meam
342 1949 491 2017 displicere,
510 1962 591 2014 quam
615 1964 732 1999 causam.
770 1950 906 2016 Agnosces
930 1959 1020 2004 autem

112 2036 182 2089 quae
201 2020 319 2072 dicturus
337 2034 413 2086 sum,
437 2018 537 2086 quippe
556 2015 710 2085 meministi,
730 2034 792 2069 curn
813 2035 858 2070 rne
875 2020 908 2071 ad
927 2021 1021 2089 perdu-

112 2089 211 2142 cendos
224 2106 257 2141 ex
269 2085 430 2140 Macedonia
447 2085 547 2138 milites
564 2087 690 2150 mitteres,
704 2085 802 2139 dixisse
821 2096 855 2158 te,
868 2089 965 2142 multos
982 2089 1021 2143 in·

113 2160 211 2226 tegros⁴
227 2158 339 2226 juvenes
357 2158 382 2209 in
402 2156 480 2208 domo
499 2164 560 2206 tuae
578 2155 670 2206 matris
688 2155 823 2209 abscondi.
860 2159 1021 2228 Praecepisti

114 2229 193 2296 igitur
218 2227 292 2295 mihi,
312 2244 346 2279 ne
369 2243 450 2295 quem
468 2234 573 2294 praeter
590 2234 617 2276 te
635 2224 757 2294 intuerer,
778 2227 824 2279 sed
843 2224 1022 2281 detrectantes
1070 2272 1072 2279 .

114 2297 234 2349 militiam
248 2297 419 2366 perducerem
433 2295 467 2347 ad
481 2304 515 2347 te.
551 2293 627 2352 Quod
647 2294 772 2363 equidem
790 2295 850 2364 feci,
864 2306 891 2349 et
903 2298 1020 2364 liberius,

114 2382 195 2434 quam
225 2364 384 2435 expediebat
413 2364 487 2432 mihi,
518 2373 647 2416 executus
680 2381 739 2416 sum
769 2373 842 2417 tuum
873 2367 1021 2436 imperium.

114 2436 246 2503 Gorgiam,
278 2435 441 2486 Hecataeum
471 2441 497 2484 et
527 2433 667 2500 Gorgatan,
698 2450 810 2502 quorum
843 2434 911 2487 bona
942 2452 1022 2505 opera

112 2506 204 2573 uteris,
218 2504 279 2556 iude
291 2503 410 2572 perduxi.
446 2501 515 2560 Quid
529 2502 608 2568 igitur
619 2502 736 2570 iniquius
747 2511 795 2571 est,
809 2519 888 2572 quam
901 2522 954 2575 me,
968 2505 1022 2576 qui,

114 2575 136 2626 si
156 2574 203 2628 tibi
224 2590 274 2625 non
294 2573 448 2642 paruissem,
461 2571 519 2640 jure
538 2570 648 2622 daturus
667 2571 716 2622 sui⁶
727 2588 833 2641 poenas,
847 2591 918 2626 nunc
936 2575 1022 2643 perire

113 2645 175 2712 quia
193 2643 289 2712 paruit
324 2643 420 2710 Neque
440 2641 512 2693 enim
533 2640 587 2692 ulla
605 2639 657 2691 alia
677 2642 754 2692 matri
774 2654 834 2715 quae
847 2645 1022 2713 persequendi

113 2730 161 2766 nos
184 2730 265 2765 causa
288 2720 335 2779 est,
356 2727 436 2780 quam
458 2709 527 2780 quod
552 2708 693 2762 utilitatem
718 2719 792 2763 tuam
809 2712 931 2766 muliebri
948 2731 1023 2783 prae·

114 2782 249 2851 posuimus
266 2785 375 2848 gratiae.
417 2780 469 2832 Sex
493 2778 567 2832 milia
592 2779 774 2832 Macedonum
793 2781 915 2850 peditum
932 2792 959 2836 et
977 2784 1022 2838 Dc

113 2853 218 2920 equites
229 2850 335 2918 adduxi,
349 2866 460 2918 quorum
478 2866 538 2918 pars
557 2857 680 2901 secutura
698 2866 742 2901 me
763 2866 813 2902 non
835 2861 899 2921 erat,
914 2853 935 2905 si
953 2853 1022 2906 mili-

114 2922 177 2974 tiam
197 2919 404 2973 detrectantibus
422 2917 559 2986 indulgere
571 2917 724 2971 voluissem.
760 2918 883 2989 Sequitur
901 2939 971 2992 ergo,
984 2932 1021 2991 ut,

115 3017 119 3021 -
143 3058 149 3080 ¹
160 3051 214 3098 The
226 3049 379 3109 conjunction
390 3048 465 3109 ought
477 3047 588 3107 properly
598 3057 624 3094 to
634 3048 665 3095 be
675 3057 709 3096 ct.
742 3049 789 3096 See
801 3050 899 3109 Zumpt,
913 3051 926 3102 b
938 3054 989 3100 349.

141 3120 150 3144 ⁹
161 3115 203 3162 ‘ln
215 3114 265 3168 all.’
279 3131 314 3172 or,
327 3131 340 3163 a
351 3129 423 3162 sense
435 3112 515 3160 which
527 3113 585 3160 with
597 3115 719 3162 numerals
730 3115 748 3163 it
759 3116 825 3164 olten
836 3117 880 3164 has
894 3115 982 3175 ‘only.’

142 3180 207 3228 ³For
218 3180 259 3228 the
270 3197 313 3229 use
325 3181 371 3229 and
382 3180 446 3228 force
457 3179 486 3228 of
492 3189 514 3228 et
524 3197 574 3228 aon
581 3180 733 3242 introducing
741 3182 854 3237 seleuse,
867 3195 909 3228 sea
920 3180 1020 3239 Zumpt,

113 3241 126 3292 ᾖ
138 3244 278 3354 ἶῳέουῃάβ
294 3298 334 3347 ‘fit
346 3298 382 3346 lor
392 3298 502 3346 service!

142 3363 304 3422 ¹Equivalent
321 3375 346 3412 to
361 3366 495 3413 cimbam:
513 3378 573 3413 near
583 3362 628 3414 the
639 3363 691 3413 end
704 3363 733 3412 ol
744 3363 793 3411 hie
807 3361 927 3414 edentes.
936 3360 1057 3400 wrm-*2

110 3431 162 3470 erat
170 3421 256 3472 stands
265 3421 304 3472 l'cr
312 3433 393 3475 secuta
406 3434 477 3476 aret.
511 3425 563 3476 See
577 3422 709 3478 Graan-bb
717 3425 780 3478 wer
789 3413 954 3468 fflbffitx·
