2274 3772
125 147 179 209 190
388 162 427 201 oa
451 161 556 201 aasrrs
578 163 764 204 anaxanorn.

121 271 199 324 Nunc
210 270 245 323 ab
256 269 340 322 Tanai
352 269 497 324 exercitum
509 287 638 340 accerses,
652 282 677 323 et
690 273 771 324 armis
783 273 892 325 flumina
903 287 1036 340 oppones.

122 340 229 394 Scilicet
248 356 301 408 qua
319 348 347 392 tu
365 340 496 407 fugiturus
513 347 549 410 es,
569 339 651 392 hostis
675 345 749 410 sequi
769 359 818 393 non
837 340 939 410 potest!
979 341 1038 394 Iter

123 409 227 477 utrique
240 424 381 461 commune
394 417 441 477 est,
455 409 545 461 victori
559 409 648 462 tutius.
684 411 759 462 Licet
777 421 912 462 strennum
926 419 1037 464 metum

123 487 200 548 putes
211 494 279 547 esse,
293 477 407 531 velocior
418 487 507 530 tamen
521 495 581 548 spes
600 489 649 529 est.
685 478 752 536 Quin
766 480 898 531 validioris
915 496 1038 550 occupas

46 568 49 574 ¹
142 548 242 616 retiam,
255 546 384 616 dedisque
402 547 448 599 tel
467 556 600 616 utcunque
618 549 735 611 cesserit,
749 549 884 600 meliorem
899 548 1036 602 fortunam
1068 560 1072 567 “

122 564 228 668 {editus
240 633 321 685 quam
334 617 415 670 hostis
427 614 571 668 habiturus.
608 617 733 669 Alienum
746 618 829 670 habes
848 634 966 686 regnum,
979 634 1038 687 quo

125 684 229 738 facilius
240 702 272 738 eo
284 689 393 739 careas.¹
422 687 537 755 Incipies
545 685 652 738 forsitan
664 686 749 755 justus
759 704 818 739 esse
833 703 885 755 rex,
897 703 960 739 cum
973 687 1038 756 ipse

125 753 223 823 fecerit,
256 757 282 807 ui
295 755 341 808 tibi
354 763 380 808 et
392 755 456 808 dare
468 764 552 824 potest
566 772 675 823 regnum
693 769 720 807 er
738 756 849 825 eripere.
885 756 1038 810 Consilium

124 822 208 876 habes
219 771 306 893 fidele,
319 826 387 894 quod
401 824 502 877 diutius
519 825 614 893 exequi
633 841 827 893 supervacuum
840 834 889 877 est.
925 824 1038 879 Nobilis

124 908 208 960 equus
226 894 321 946 umbra
332 911 436 963 quoque
449 894 539 961 virgae
552 896 664 962 regitur,
684 895 794 960 ignavus
811 911 844 946 ne
863 894 961 946 calcari
974 896 1036 964 qui·

125 961 187 1013 dem
199 963 324 1015 concitari
336 972 430 1032 potest.
462 963 565 1029 Bessus,
576 974 602 1013 et
616 964 719 1030 ingenio
729 977 755 1015 et
765 963 848 1016 multo
861 980 933 1015 mero
947 964 1036 1034 ferox,

124 1029 191 1081 adeo
214 1032 319 1100 exarsit,
344 1033 434 1085 utrix
453 1033 488 1084 ab
510 1033 611 1100 amicis,
632 1033 789 1101 quominus
811 1034 942 1084 occideret
968 1050 1037 1088 eum

125 1099 197 1168 (nam
217 1101 354 1154 strinxerat
373 1117 477 1170 quoqne
490 1102 646 1171 acinacem),
659 1103 843 1155 contineretur.
879 1103 957 1154 Certe
970 1119 1037 1156 con·

125 1169 205 1220 vivio2
215 1170 335 1239 prosiluit
353 1170 557 1239 haudquaquam
577 1180 670 1238 potens
688 1172 793 1223 mentis.
830 1171 945 1223 Gobares
965 1172 1039 1226 inter

125 1239 266 1292 tumultum
280 1240 393 1308 elapsus,
407 1241 440 1293 ad
453 1238 633 1292 Alexandrum
648 1240 794 1308 transfugit.

163 1312 202 1360 rt.
215 1308 276 1363 VIII
289 1309 364 1361 milia
376 1309 572 1361 Bactrianorum
585 1307 701 1361 habebat
719 1320 820 1362 armata
833 1309 937 1378 Bessus,
952 1327 1036 1382 quae,

125 1376 253 1444 quamdiu
265 1388 369 1447 propter
380 1377 447 1429 coeli
460 1377 646 1446 intemperiem
655 1379 756 1430 indiam
767 1382 852 1448 potins
864 1379 1039 1435 Macedonas

126 1446 251 1512 pentuma
274 1446 460 1515 crediderant,³
477 1447 629 1498 obedienter
650 1447 777 1516 imperata
801 1448 935 1516 fecerunt,
960 1459 1037 1518 post·

125 1529 204 1581 qnam
217 1515 361 1566 adventare
374 1515 551 1567 Alexandrum
566 1523 730 1584 compertum
743 1527 791 1585 est,
805 1518 829 1568 in
844 1533 904 1568 snos
918 1519 1037 1587 quisque

125 1582 197 1634 vicos
209 1583 311 1652 dilapsi,
326 1585 436 1636 Bessum
450 1584 618 1652 reliquerunt.
654 1584 702 1636 Ille
715 1603 777 1638 cum
790 1586 926 1638 clientium
939 1604 1036 1658 manu,

126 1651 169 1717 qui
191 1668 241 1703 non
261 1661 428 1706 mutaverant
447 1653 536 1721 fidem,
556 1655 610 1707 Oxo
629 1671 708 1705 amne
727 1666 855 1723 superato,
876 1656 1037 1725 exustisque

126 1720 242 1790 navigiis,
299 1722 357 1775 ibus
377 1722 521 1789 transierat,
541 1739 575 1774 ne
592 1722 687 1775 iisdem
707 1722 789 1776 hostis
806 1732 926 1792 uteretur,
948 1742 1038 1780 noras

125 1790 215 1858 copias
226 1738 403 1858 inhigdianis
419 1791 599 1845 contrahebat.
635 1793 787 1845 Alexander
805 1795 954 1846 Caucasum
973 1797 1035 1863 qui·

125 1858 195 1928 dem,
220 1870 248 1912 ut
272 1877 350 1930 supra
374 1861 473 1914 dictum
493 1872 541 1929 est,
560 1863 703 1930 transierat,
722 1863 768 1913 sed
796 1864 881 1932 inopia
904 1862 1035 1918 frumenti

125 1946 204 2048 prope
227 1930 261 1982 ad
285 1929 385 1984 famem
404 1940 511 1984 ventum
531 1940 594 1983 erat.
631 1931 698 1983 Suco
721 1948 755 1983 ex
773 1933 888 1983 sesama⁴
905 1949 1035 2000 expresso

111 2052 112 2056 ,
144 1999 196 2050 and
217 2017 295 2053 secus
333 2000 561 2053 uamoleoartus
580 2000 769 2069 pertingebant.
807 2001 855 2053 Sed
877 2000 955 2069 hujus
974 2004 1034 2055 suci

111 2067 235 2120 ‘ducenis
264 2018 439 2137 quadragenis
467 2069 582 2121 denariis
611 2066 754 2137 amphorae
783 2070 909 2137 singulae,
941 2071 1034 2125 mellis

124 2136 239 2188 denariis
265 2137 379 2189 trecenis
406 2140 560 2205 nonagenis,
586 2139 698 2190 trecenis
721 2139 775 2189 vini
805 2139 1014 2193 aestimabantur
1023 2159 1032 2209 3

120 2205 202 2257 'tritici
215 2204 277 2258 nibiI
290 2214 335 2256 aut
347 2206 491 2259 admodum
504 2208 629 2274 exignum
649 2207 835 2275 reperiebatur.
873 2208 940 2261 Siros
952 2226 1033 2262 vcca-

123 2275 186 2327 hant
203 2274 327 2343 barbari,⁵
339 2291 405 2344 quos
423 2275 459 2326 ita
478 2276 596 2328 sollerter
615 2277 787 2343 abscondunt,
801 2285 837 2345 nt,
851 2278 898 2329 nisi
920 2278 964 2346 qui
984 2279 1032 2331 de-

123 2345 251 2413 foderunt,
264 2344 382 2397 invenire
394 2362 443 2397 non
457 2346 572 2412 possint:
591 2346 615 2397 in
638 2347 678 2397 his
698 2345 818 2397 conditae
839 2345 927 2414 fruges
945 2359 1032 2401 erant.

124 2416 150 2466 ln
164 2431 277 2482 quarum
290 2415 399 2483 penuria
411 2413 509 2466 milites
527 2415 648 2467 fluviatili
668 2416 741 2484 pisce
762 2425 788 2465 et
809 2414 898 2466 herbis
917 2418 1030 2469 sustine-

123 2485 225 2536 bantur.
261 2485 375 2552 Jamque
398 2483 466 2536 haec
490 2485 547 2553 ipsa
567 2485 694 2536 alimenta
714 2483 882 2551 defecerant,
906 2503 968 2538 cum
989 2485 1032 2555 ju·

122 2563 218 2622 menta,
238 2554 335 2621 quibus
354 2570 434 2605 onera
453 2554 599 2623 portabant,
621 2552 732 2605 caedere
751 2552 817 2621 jussi
837 2562 913 2605 sunt:
933 2554 1031 2609 horum

122 2639 207 2690 carne,
221 2623 323 2675 durnin
341 2623 492 2676 Bactrianos
503 2630 668 2692 perventum,
684 2632 785 2674 traxere
798 2622 889 2674 vitam.

150 2765 157 2788 ¹
169 2723 217 2806 ‘'So
228 2760 279 2807 that
291 2775 338 2820 yon
349 2760 399 2808 will
410 2771 451 2808 not
463 2760 510 2808 feel
521 2761 562 2809 the
573 2771 637 2809 want
649 2760 677 2808 of
688 2761 705 2808 it
717 2776 745 2808 so
755 2762 883 2822 strongly)

149 2837 174 2862 rs
185 2832 235 2880 Ont
245 2832 273 2880 of
284 2833 326 2880 the
337 2833 561 2894 banquetinghall!

150 2907 158 2931 ³
167 2901 221 2948 The
233 2901 289 2948 road
299 2901 360 2948 from
371 2901 458 2956 cabul,
470 2901 541 2949 down
551 2902 592 2950 the
605 2901 684 2950 Cabnl
693 2902 763 2959 river,
774 2919 800 2951 as
809 2904 843 2952 far
853 2920 880 2952 as
889 2905 931 2953 the
940 2905 1027 2963 Indus,

121 2977 171 3009 was
182 2974 243 3018 open
255 2969 279 3006 to
290 2959 331 3007 the
347 2960 533 3017 Macedonians;
552 2961 597 3009 and
609 2961 627 3008 it
639 2977 689 3009 was
705 2963 799 3010 natural
814 2974 841 3010 to
855 2980 958 3022 suppose
974 2965 1030 3014 that

121 3021 179 3080 they
190 3018 270 3066 would
287 3018 343 3086 take
359 3019 410 3066 that
427 3030 495 3067 route
510 3019 592 3068 rather
607 3022 665 3068 tbarr
681 3036 747 3069 cross
764 3022 805 3069 the
821 3024 967 3080 mountaius,
981 3025 1029 3074 and

120 3080 225 3128 advance
236 3087 261 3125 to
272 3077 313 3124 the
324 3092 387 3125 river
400 3077 477 3126 Oxus.

148 3148 187 3194 ‘A
199 3145 273 3205 plant,
286 3144 347 3192 from
358 3144 399 3192 the
410 3147 481 3193 seeds
492 3146 520 3193 of
532 3147 611 3195 which
628 3163 657 3195 an
673 3147 706 3195 oil
719 3148 739 3196 is
750 3150 873 3198 obtained.
905 3151 1029 3202 Seruatum

119 3211 219 3261 (neuter)
231 3206 251 3252 is
263 3204 304 3252 the
315 3219 385 3251 name
397 3204 424 3252 of
436 3205 477 3252 the
488 3205 554 3253 seed.

147 3274 213 3322 ‘Not
226 3273 317 3332 merely
326 3272 369 3320 the
380 3273 517 3321 barbarians
529 3274 553 3320 in
564 3275 616 3323 that
632 3275 734 3331 district,
747 3277 789 3324 bnt
805 3279 937 3339 foreigners
952 3295 1027 3340 gene·

115 3333 184 3392 rully.
218 3333 273 3381 The
283 3332 350 3380 word
362 3331 415 3380 Sira*
428 3332 448 3380 is
459 3342 500 3380 not
513 3333 603 3390 Greek,
617 3335 652 3382 for
668 3334 709 3382 the
727 3335 822 3384 Greeks
838 3339 951 3386 obtained
967 3340 1028 3389 both

107 3391 150 3439 tlre
160 3407 234 3442 numa
245 3391 294 3443 aad
306 3391 348 3444 the
359 3391 508 3457 knowledge
519 3391 546 3445 of
559 3393 602 3444 tlte
612 3393 718 3455 practica
726 3393 842 3442 fromttra
849 3396 994 3444 Thraciam.
