2274 3772
106 108 147 166 ro
376 124 417 164 na
439 122 547 164 oasrrs
570 122 756 162 inaxinnnr.

108 233 144 286 ad
156 233 282 302 quietem,
295 231 343 286 sad
356 231 390 285 ad
402 230 597 300 praeparandos
608 230 719 301 animos,
733 231 829 285 diebus
846 230 919 285 datis
937 232 1029 315 militi,

109 311 216 356 strenue
237 301 340 354 hostem
361 301 465 370 insequi
485 300 580 369 coepit,
601 309 730 369 metuens,
752 318 786 353 ne
806 303 934 354 interiora
953 319 1029 372 regm

109 372 150 424 sui
174 379 284 440 peteret,
309 371 513 440 sequendusque
538 378 609 421 esset
633 386 680 437 per
703 369 761 422 loca
783 372 855 424 omui
880 371 1029 427 solitudine

108 449 190 509 atque
203 439 291 507 inopia
303 450 386 493 vasta.
423 440 505 506 igitur
522 449 615 508 quarto
633 439 677 490 die
697 449 801 508 praeter
816 440 929 494 Arbela¹
946 458 1028 511 pene·

111 518 161 562 trat
184 509 218 561 ad
242 510 340 576 Tigrin.
377 510 443 560 Tota
462 509 532 575 regio
557 508 624 561 ultra
647 526 755 562 amnem
780 511 879 563 recenti
904 510 1028 566 fumabat

110 578 248 632 incendio:
268 579 365 648 quippe
383 579 521 647 Mazaeus,
541 594 716 646 quaecunque
733 579 842 648 adierat,
856 579 929 632 haud
948 598 1029 635 socna

129 649 202 701 uam'
214 648 296 700 hostis
314 647 415 701 urebat.
451 652 492 701 Ac
510 648 595 716 primo
612 646 735 716 caligine,
749 666 828 717 quarn
848 649 943 702 sumus
960 650 1028 705 effu·

110 665 193 786 derat,
211 719 369 770 obscurante
388 718 484 786 lucem,
504 717 658 769 insidiarum
679 727 751 770 metu
772 718 906 772 substitit:
928 718 1026 775 deinde

110 795 139 841 ut
163 787 341 856 speculatores
363 787 502 856 praemissi
524 795 580 839 tuta
601 786 691 838 omnia
711 788 906 857 nuntiaverunt,
929 806 1028 858 paucos

110 857 230 926 equitum
251 856 284 908 ad
309 857 494 925 temptandum
513 858 611 907 vadum
633 855 751 911 fluminis
771 858 924 925 praemisit:
951 858 1028 929 cujus

110 925 223 980 altitudo
235 926 319 994 primo
331 943 437 979 summa
454 942 583 994 equorum
600 935 714 994 pectora,
728 932 797 993 mox,
811 935 839 978 ut
857 927 883 980 in
903 929 1026 983 medium

110 995 217 1048 alveum
240 1006 351 1049 ventum
371 1004 419 1065 est,
440 996 559 1048 cervices
578 1002 684 1062 quoque
703 995 844 1063 aequabat.
881 997 944 1050 Nec
963 1014 1026 1052 eane

110 1065 181 1118 alius
198 1064 231 1117 ad
251 1066 364 1118 Orientis
382 1065 488 1134 plagam
507 1075 561 1117 tam
581 1063 712 1116 violentus
730 1065 868 1135 invehitur,
881 1066 1026 1121 multorum

112 1135 263 1188 torrentium
276 1152 327 1188 non
340 1152 422 1204 aquas
440 1135 533 1203 solum,
547 1133 595 1185 sed
614 1133 694 1185 etiam
713 1150 777 1187 sarra
794 1151 889 1187 secum
908 1139 1025 1191 trahens

111 1204 204 1274 Itaque
223 1222 240 1256 a
258 1205 403 1273 celeritate,
424 1221 478 1283 qua
497 1202 598 1271 defluit,
619 1202 703 1270 Tigri³
723 1219 819 1256 nomen
839 1212 881 1257 est
900 1206 1026 1277 inditum,

111 1275 174 1344 quia
185 1274 292 1327 Persica
304 1275 393 1342 lingua
408 1273 501 1343 Tigrin
514 1272 637 1341 sagittam
649 1272 792 1342 appellant.

147 1347 188 1396 38.
208 1344 290 1411 Igitur
301 1344 391 1413 pedes,
407 1343 477 1395 velut
496 1342 599 1395 divisus
611 1340 639 1393 in
650 1358 754 1410 cornua,
768 1342 934 1397 circumdato
954 1345 1027 1415 equi·
1044 1349 1047 1353 '

111 1414 188 1480 tatu,⁴
199 1411 293 1465 levatis
305 1430 384 1482 super
396 1412 483 1481 capita
493 1411 583 1479 armis,
593 1410 664 1463 haud
676 1427 756 1479 aegre
767 1413 801 1464 ad
815 1412 903 1481 ipsum
915 1413 1028 1469 alveum

112 1490 240 1551 penetrat.
276 1482 381 1534 Primus
392 1481 459 1533 inter
471 1481 576 1550 pedites
587 1497 633 1532 rex
645 1497 768 1548 egressus
779 1482 806 1534 in
819 1483 912 1552 ripam,
927 1482 1028 1537 vadum

112 1550 243 1603 militibus
265 1567 356 1620 manu,
374 1550 479 1619 quando
497 1567 547 1603 vox
566 1549 685 1603 exaudiri
703 1567 752 1603 non
772 1559 882 1620 poterat,
901 1553 1027 1607 ostendit.

112 1619 163 1673 Sed
183 1618 295 1688 gradum
315 1619 420 1673 firmare
440 1619 485 1672 vix
502 1629 629 1689 poterant,
650 1635 714 1672 cum
736 1620 815 1673 modo
834 1637 899 1673 saxa
923 1610 1029 1676 lubrica

112 1688 254 1757 vestigium
273 1688 402 1759 fallerent,
415 1689 494 1742 modo
512 1688 624 1758 rapidior
642 1689 714 1741 unda
730 1689 913 1743 subduceret.⁶
950 1693 1029 1746 Prac-

112 1759 207 1828 cipuus
230 1767 287 1812 erat
314 1759 387 1812 labor
417 1774 516 1829 eorum,
540 1759 586 1827 qui
615 1757 735 1811 humeris
761 1775 842 1811 onera
868 1761 1027 1829 portabant:

111 1830 210 1898 qnippe
230 1846 294 1882 cum
314 1829 470 1898 semetipsos
489 1844 579 1896 regere
601 1844 650 1879 non
669 1837 783 1896 possent,
799 1829 823 1881 in
842 1830 950 1897 rapidos
968 1848 1028 1900 gur·

111 1900 180 1965 giles
200 1898 367 1952 incommodo
387 1915 466 1951 onere
490 1898 685 1965 auferebantur,
708 1906 735 1948 et
754 1897 818 1950 dum
839 1915 888 1950 sua
912 1900 1028 1970 quisque

112 1967 195 2036 spolia
215 1968 342 2037 consequi
362 1969 458 2036 studet,
475 1967 560 2037 major
580 1966 647 2018 inter
667 1967 743 2035 ipsos,
761 1982 842 2036 quam
861 1984 925 2021 cum
943 1969 1026 2039 amni,

112 2046 167 2086 orta
190 2036 299 2088 luctatio
323 2046 380 2104 est,
403 2037 557 2104 cumulique
581 2036 742 2088 sarcinarum
766 2036 864 2105 passiln
890 2038 1028 2093 fluitantes

112 2104 251 2173 plerosque
279 2105 463 2174 perculerant.⁰
509 2106 567 2158 Rex
593 2108 721 2172 monere,⁷
748 2116 776 2158 ut
804 2106 868 2159 satis
896 2106 1028 2161 haberent

111 2191 186 2225 arma
205 2175 324 2242 retinere,
338 2184 428 2227 cetera
446 2191 474 2226 se
492 2172 664 2227 redditurum.
701 2174 752 2227 Sed
771 2192 857 2244 neque
875 2176 1027 2248 consilium,

111 2260 199 2312 neque
226 2243 368 2313 imperium
391 2244 477 2312 accipi
500 2252 615 2311 poterat:
644 2244 813 2313 obstrepebat
842 2244 905 2299 hinc
928 2256 1026 2316 metus,

111 2324 215 2383 praeter
235 2313 306 2367 hunc
326 2314 440 2367 invicem
460 2313 619 2366 nutantium⁸
635 2324 743 2367 mutuus
758 2314 866 2367 clamor.
903 2316 1028 2371 Tandem
1050 2346 1054 2357 ·

111 2396 165 2452 qna·
182 2383 279 2437 leniore
298 2394 382 2437 tractu
400 2382 488 2436 amnis
506 2382 588 2451 aperit
602 2382 709 2451 vadum,
723 2400 866 2454 emersere,
880 2402 933 2439 uec
951 2385 1027 2456 quic.

111 2482 277 2490 ——u—a--m-.....
284 2485 288 2488 .
293 2485 303 2489 -

142 2541 148 2562 ¹
161 2541 167 2560 ‘
179 2535 282 2603 lfassing
299 2536 330 2594 by
342 2534 453 2591 Arbela,'
471 2532 632 2593 undertaking
647 2532 737 2581 further
748 2533 818 2581 north
830 2533 871 2582 the
882 2549 988 2598 passage
998 2536 1027 2586 of

112 2593 153 2680 th?
162 2593 267 2707 hrhhilis,
280 2670 328 2700 nea
338 2655 417 2700 minus
428 2668 504 2712 qaam.
536 2652 575 2700 As
591 2668 638 2699 aon
649 2668 714 2699 aaut
727 2651 747 2699 is
758 2650 895 2711 equivalent
908 2663 935 2702 to
945 2670 1027 2717 usqae,

112 2725 149 2756 we
161 2725 204 2756 can
216 2726 259 2769 say
270 2728 317 2758 non
327 2728 392 2759 secus
401 2727 428 2758 oc
438 2726 465 2757 or
475 2719 551 2770 atque.

141 2773 150 2796 ³
161 2769 271 2816 Another
281 2769 341 2816 form
353 2769 373 2817 is
388 2768 489 2830 Tigrtdi,

140 2827 325 2876 ‘circumdatus
341 2830 447 2888 equitata
458 2828 535 2888 might
547 2828 598 2876 also
609 2828 671 2876 haye
687 2830 749 2876 been
765 2829 824 2878 said.
857 2829 904 2878 See
922 2831 1026 2894 Zumpt.

111 2885 125 2938 ἦ
136 2888 223 2992 ll'lhro
235 2944 316 3005 things
325 2945 440 2992 rendered
451 2946 492 2993 the
501 2947 610 3007 crossing
618 2946 719 2995 difficolt
728 2966 734 2995 r
741 2949 808 3009 first,
817 2948 858 2995 the
868 2959 955 2999 stones
963 2966 1030 3001 wera
1041 2988 1044 2994 .

111 3005 217 3064 slippery
226 3020 232 3060 ;
245 3004 290 3052 and
302 3007 419 3066 recondly,
430 3005 471 3052 the
480 3005 583 3065 rapidity
592 3005 619 3053 ol
626 3007 667 3054 the
676 3016 771 3055 current
781 3023 831 3055 was
840 3008 901 3056 such
909 3024 939 3057 aa
948 3026 1028 3060 some

112 3063 184 3111 times
196 3074 220 3111 to
231 3079 298 3123 carry
310 3063 350 3110 the
362 3079 417 3110 men
429 3062 500 3111 down
511 3064 552 3111 the
564 3065 633 3113 river.

139 3129 148 3152 ⁸
162 3129 168 3149 ⁴
179 3122 268 3171 struck
280 3122 404 3182 violently‚
418 3123 463 3171 and
475 3124 584 3182 severely
597 3125 705 3184 injured.'
720 3160 721 3167 ,

141 3186 149 3209 ’
161 3182 183 3228 Α
195 3181 257 3241 good
269 3181 377 3229 instance
388 3181 416 3228 of
423 3182 463 3228 the
475 3183 619 3242 descriptive
631 3183 755 3232 infinitive.
788 3186 834 3234 Sea
848 3184 958 3240 Grani
969 3190 1023 3238 390.

116 3306 121 3315 ¹
140 3245 149 3272 ⁸
159 3240 254 3326 ΙΝιιιιιζς
262 3241 283 3288 is
293 3246 299 3266 ‘
310 3250 334 3289 to
344 3256 411 3326 que
421 3251 445 3288 to
454 3242 500 3310 arrd
509 3241 562 3296 sro,’
576 3248 581 3268 ‘
591 3253 616 3289 to
624 3244 654 3290 be
663 3259 694 3290 on
703 3244 818 3312 thepoint
827 3243 971 3328 offellingr'
981 3248 1031 3297 aad

111 3311 377 3408 euaristum
387 3311 528 3409 iratur:
540 3301 951 3420 tarentinensem
967 3306 1033 3421 ta
