2274 3772
448 187 552 242 ¹rnusn
571 187 635 229 viu.
941 170 1001 225 250

92 303 157 350 turn.
196 296 341 366 Praecipue
355 295 479 350 terribilis
496 295 542 349 illa
560 288 644 350 iacies
659 305 724 368 erat,
740 314 802 352 cum
818 297 910 350 manu¹
926 310 1002 348 arma

93 366 215 436 virosque
227 367 393 436 corriperent,
413 375 440 418 et
456 382 535 435 super
554 383 583 418 se
602 367 754 435 regentibus
769 367 911 420 traderent.
947 367 1001 418 An·

93 452 158 505 ceps
179 452 241 504 ergo
264 453 352 506 pugna
375 452 445 488 nnnc
469 437 646 506 sequentium,
670 453 741 490 nunc
763 436 922 504 fugientium
946 435 1001 488 ele·

91 504 211 575 phantos,
231 506 257 558 in
276 505 392 558 multum
410 505 473 557 diei²
491 505 593 557 varium
612 514 748 559 certarnen
766 507 894 574 extraxit,
917 505 1002 558 donec

92 574 230 628 securibus
242 575 281 644 (id
293 574 409 644 numque
426 590 512 642 genus
528 573 619 628 anxilii
630 584 814 644 praeparatum
833 576 901 646 erat)
918 575 1002 644 pedes

90 653 229 714 amputare
246 655 398 714 coeperunt.
434 642 547 714 Copidas
564 645 693 697 vocabant
711 645 813 714 gladios
831 644 926 699 leviter
944 662 1002 698 cur·

91 722 167 767 ratos
189 713 304 767 falcibus
327 713 436 782 similes,
461 713 521 782 quis
549 714 710 783 appetebant
734 714 873 768 beluarum
897 732 1002 768 manus.

91 783 150 837 Nec
170 784 314 852 quicquam
333 783 499 852 inexpertum
518 799 570 836 non
589 784 680 836 mortis
698 784 784 854 modo,
806 783 853 836 sed
874 783 955 836 etiam
977 785 1003 839 in

91 853 149 923 ipsa
160 861 244 905 morte
256 852 318 906 novi
330 852 459 922 supplicii,
473 852 550 904 timor
561 853 722 906 omittebat.³

126 927 168 974 50.
188 923 257 990 Ergo
269 921 404 991 elephanti
417 920 571 974 vulneribus
586 922 693 976 tandem
712 922 816 990 fatigati
827 939 889 976 snos
901 923 1003 992 impetu

93 999 220 1060 sternunt,
246 1000 273 1043 et
298 992 344 1060 qni
375 999 494 1044 rexerant
519 1007 572 1061 eos,
596 992 761 1062 praecipitati
788 991 813 1044 in
839 1001 944 1061 terram,
968 991 1005 1045 ab

93 1061 158 1131 ipsis
187 1060 382 1112 obterebantur.
430 1061 523 1128 ltaque
545 1076 671 1130 pecorum
694 1061 774 1114 modo
797 1062 884 1129 magis
924 1060 1003 1129 avidi,

77 1147 174 1199 ‚quam
193 1129 291 1199 infesti,
310 1129 378 1182 ultra
395 1130 482 1182 aciem
502 1127 688 1199 exigebantur,
707 1147 768 1184 cum
787 1130 876 1200 Porus,
914 1132 1004 1183 estitn·

93 1207 136 1251 tus
155 1215 172 1250 a
195 1198 320 1268 pluribus,
341 1199 395 1251 tela
418 1198 501 1252 multo
524 1209 586 1251 aute
606 1199 808 1320 praeparatam
830 1200 1006 1253 circumfusos

94 1285 128 1321 ex
147 1267 288 1337 elephanto
309 1284 356 1320 suo
373 1269 460 1339 coepit
480 1269 608 1338 ingerere,
624 1286 669 1321 mn
682 1270 768 1338 tisqne
789 1269 894 1322 eminus
915 1269 1005 1321 vulne·

94 1337 163 1406 ratis,
188 1338 324 1406 expositus
344 1338 402 1407 ipse
425 1337 459 1389 ud
483 1337 552 1390 ictus
574 1338 693 1408 undique
708 1337 864 1407 petebatur.
900 1339 1005 1391 Novem

92 1407 148 1476 jam
168 1406 278 1459 vulnera
299 1406 362 1459 hinc
381 1416 462 1476 tergo,
480 1406 554 1459 illinc
573 1418 679 1477 pectore
701 1416 850 1478 exceperat,
868 1408 1006 1477 multoque

94 1477 223 1543 sanguine
248 1476 353 1545 profuso
378 1477 510 1544 languidis
538 1477 662 1530 manibus
687 1478 773 1546 magis
801 1477 899 1546 elapsa,
925 1494 1005 1547 quam

94 1561 205 1598 excussa
221 1547 275 1598 tela
293 1545 438 1599 mittebat.⁴
471 1547 531 1599 Nec
549 1548 657 1615 segnius
676 1546 762 1616 belua,
780 1546 904 1599 instincta
924 1547 1004 1616 rabie,

93 1614 211 1668 nondum
230 1616 322 1667 saucia
340 1615 516 1668 invehebatur
533 1614 684 1683 ordinibus;
703 1616 788 1670 donec
808 1625 892 1668 rector
911 1617 1006 1670 beluae

94 1701 184 1752 regem
203 1684 340 1753 conspexit
359 1685 502 1738 fluentibus
521 1686 659 1739 membris⁵
673 1686 840 1754 ⁴omissisque
860 1687 942 1739 annis
961 1687 1007 1738 vix

93 1762 244 1823 compotem
256 1753 362 1806 mentis.
398 1755 468 1807 Tum
481 1753 589 1807 beluam
601 1755 627 1807 in
640 1755 730 1822 lugam
743 1756 863 1823 concitat,
877 1764 1007 1823 sequente

94 1822 261 1876 Alexandro:
282 1822 328 1874 sed
350 1840 435 1892 equus
455 1822 514 1892 ejus
533 1824 626 1876 multis
640 1825 795 1877 vulneribus
809 1825 945 1876 consessus
960 1825 1006 1876 ‹ls-

93 1893 238 1960 ficiensque
250 1892 395 1961 procubuit,
408 1893 492 1961 posito
504 1892 589 1960 magis
601 1909 671 1960 rege,
684 1910 765 1962 quam
784 1893 877 1944 effuso.
914 1893 1007 1961 ltaque

93 1961 158 2012 dum
182 1977 281 2030 equum
306 1969 398 2029 mutat,
423 1960 523 2012 tardius
546 1960 684 2014 insecutus
700 1970 756 2014 est.
793 1962 900 2015 Interim
927 1961 1008 2014 irater

94 2029 201 2097 Taxilis,
227 2030 297 2097 regis
315 2028 448 2098 Indorum,
472 2031 634 2099 praemissus
657 2031 693 2084 ab
718 2031 876 2096 Alexandro,
898 2047 1007 2083 monere

94 2099 182 2168 coepit
202 2098 307 2166 Porum,
327 2115 361 2150 ne
380 2099 474 2151 ultima
494 2099 608 2167 experiri
627 2100 1007 2181 perseveraretpdederetque

94 2185 123 2220 se
136 2167 235 2220 victori.
272 2169 307 2220 At
319 2167 372 2236 ille,
386 2184 551 2290 quamrpram
562 2169 708 2223 exhaustae
721 2177 795 2222 erant
808 2187 886 2238 vrres,
899 2169 1006 2224 deficie-

93 2239 194 2305 batque
212 2236 328 2307 sanguis,
348 2246 469 2291 tamena
506 2247 595 2291 notam
613 2255 709 2292 vocem
726 2240 855 2292 excitatus
877 2243 1006 2309 Agnosco,

94 2303 185 2375 inquit,
207 2306 307 2358 Taxilis
326 2305 442 2377 fratrem,
465 2308 568 2377 imperii
588 2309 715 2377 regnique
739 2309 778 2362 sui
798 2279 955 2378 proditoris:
980 2319 1007 2361 et

95 2375 186 2444 telum,
208 2375 279 2444 quod
298 2393 381 2429 unum
401 2377 467 2428 forte
487 2393 539 2429 non
563 2377 709 2446 effluxerat,
731 2378 852 2430 contorsit
876 2379 901 2429 in
927 2395 1006 2430 eum:

95 2445 164 2513 quod
178 2461 224 2513 per
236 2444 354 2498 medium
366 2454 460 2514 pectus
472 2447 620 2514 penetravit
636 2447 670 2499 ad
689 2458 802 2514 tergum:
838 2447 895 2499 Hoc
914 2447 1008 2499 ultimo

96 2515 200 2566 virtutis
221 2531 302 2583 opere
325 2515 403 2583 edito,
428 2514 520 2582 fugere
544 2515 631 2569 acrius
650 2517 751 2584 coepit:
777 2515 824 2568 sed
849 2516 1008 2585 elephantus

94 2599 206 2652 qnoque,
226 2583 271 2652 qui
290 2584 375 2636 multa
394 2590 536 2654 exceperat
557 2584 617 2664 tela,
636 2584 789 2638 deficiebat.
825 2585 918 2654 Itaque
939 2586 1007 2639 sistit

94 2652 193 2721 lugam,
213 2653 386 2722 peditemque
407 2655 529 2723 sequenti
547 2653 615 2707 hosti
634 2653 740 2724 objecit.
776 2655 836 2708 Jam
855 2655 1007 2709 Alexander

123 2811 131 2836 ¹
144 2811 150 2833 ‘
160 2807 230 2855 With
241 2808 282 2856 the
292 2808 365 2857 tmnk
373 2810 389 2867 ;'
400 2809 437 2858 sor
447 2810 488 2858 the
494 2813 610 2873 prohereis
621 2811 649 2859 of
655 2811 697 2859 the
708 2811 821 2871 elephant
832 2828 891 2869 was,
901 2812 963 2862 from
974 2813 1007 2862 its

95 2881 148 2923 use,
161 2867 239 2915 called
249 2867 301 2916 also
311 2886 403 2917 murras.

121 2935 189 2983 'See
203 2935 283 2984 Gram.
295 2935 309 2986 l
320 2940 373 2990 275,
386 2953 409 2992 a,
425 2934 475 2983 ‘for
485 2951 499 2983 a
509 2944 577 2995 great
587 2945 640 2994 part
651 2934 680 2983 os
691 2935 732 2983 the
743 2935 807 2997 day.’

122 3006 131 3030 ¹
144 3007 150 3027 ‘
159 3001 214 3049 The
221 3001 271 3049 sear
280 3001 367 3055 (which
375 3001 433 3061 they
440 3001 486 3049 hed
494 3000 521 3049 of
526 3001 567 3049 the
576 3001 712 3060 elephante)
721 3001 763 3050 lelt
771 3017 802 3050 no
809 3018 892 3050 means
900 3000 1004 3058 untriod,

93 3070 135 3111 not
146 3060 187 3109 onl
215 3070 240 3109 to
251 3061 296 3108 kill
306 3061 382 3115 thern,
396 3062 437 3108 but
455 3076 517 3108 even
533 3071 557 3107 to
574 3060 648 3108 inflict
664 3060 689 3108 in
704 3060 776 3109 death
792 3077 859 3110 some
876 3059 1006 3109 additional

93 3120 165 3179 pain'
215 3120 255 3167 hat
267 3119 309 3167 the
320 3119 421 3167 soldiers
430 3119 477 3167 had
484 3135 532 3179 any
539 3119 656 3167 intention
666 3119 772 3168 toinflict
780 3136 942 3179 unnecessary
951 3118 1007 3178 pain

92 3195 157 3239 upon
168 3179 209 3227 the
220 3178 322 3228 animnls
333 3194 370 3226 we
387 3188 473 3226 cannot
490 3177 525 3226 lor
536 3195 550 3226 a
560 3187 667 3226 moment
683 3178 791 3228 believe:
810 3179 859 3226 this
875 3178 1005 3226 statement

94 3237 116 3286 is
126 3254 141 3286 a
151 3254 216 3286 mere
228 3237 355 3287 rhetorical
365 3238 545 3298 exaggeration.
561 3283 575 3305 .-

122 3305 131 3329 ‘
145 3301 198 3348 ‘He
209 3301 290 3349 rather
297 3301 330 3348 let
340 3301 381 3349 the
391 3301 496 3349 missiles
503 3302 550 3361 slip
557 3311 598 3349 out
606 3301 634 3349 ol
640 3300 827 3351 hisbundsthau
835 3300 912 3348 thren
920 3300 1005 3346 them}

124 3373 131 3395 ¹
144 3371 149 3391 ¹
160 3364 231 3413 With
242 3365 280 3414 his
292 3366 364 3413 limbs
375 3365 471 3414 relexed
483 3366 530 3414 and
540 3365 690 3426 powerless?
