2274 3772
142 220 200 277 8⁰0
408 237 447 276 uu
471 236 577 277 auaris
600 236 781 275 aauxauuar.

140 345 275 413 incognita
293 362 381 413 causa,
395 346 508 414 captivis
525 345 580 398 suis
597 344 761 413 ducentibus,
780 343 922 396 trahuntur
941 341 978 394 ad
997 358 1063 411 poe·

140 413 219 468 uam!
257 414 282 466 Si
304 422 416 467 mortem
436 416 565 468 meruisse
583 414 696 494 judicas,
719 414 814 466 saltam
835 413 977 465 ministros
996 429 1061 480 sup·

158 483 211 537 licii
230 493 311 536 muta.
348 485 444 538 Amico
462 486 557 552 animo,
571 503 592 537 sr
611 483 788 554 veri-patiens
807 483 910 548 luisset,
925 481 1061 533 admone·

176 563 223 620 tar,
245 553 292 606 sed
313 553 339 605 in
362 553 472 606 rabiem¹
493 553 532 606 ira
550 563 716 622 pervenerat.
752 553 843 620 ltaque
866 568 960 604 rursus
980 551 1062 630 (nam

139 638 281 692 parumper
304 622 400 690 quibus
423 623 581 692 imperatum
606 632 662 675 erat
685 621 891 741 dubitaverant‘p,
916 636 1010 688 merga
1031 622 1061 671 in

138 707 256 760 amnem,
276 692 344 744 sicut
365 692 445 744 vincti
466 700 547 761 erant,
566 691 653 762 jussit.
689 693 730 744 Ne
751 690 802 744 hoc
821 691 865 759 qui
886 707 934 742 em
956 689 1059 758 suppli·

139 761 211 815 cium
231 761 388 814 seditionem
410 760 526 814 militum
545 762 636 814 movit.
670 761 794 830 Namque
813 760 952 829 copiarum
971 759 1059 811 duces

138 838 165 883 at
186 848 220 883 ue
244 832 344 883 amicos
367 829 425 900 ejus
448 831 575 899 manipuli
605 830 706 883 adeunt
728 838 858 899 petentes,
883 836 913 880 ut
940 829 964 881 si
987 845 1059 896 quos

138 847 227 953 aditus
241 900 349 968 pristina
362 916 430 952 noxa
440 899 572 969 judicaret
585 917 644 952 esse
657 909 799 968 contactos,
811 896 918 968 juberet
928 897 1056 968 interfici,

138 968 234 1022 offerre
248 986 277 1022 aa
289 985 397 1038 corpora
409 969 471 1039 irae,
486 969 627 1041 trucidaret
664 972 681 1005 ⁴*
717 971 735 1005 *
771 970 788 1004 *

410 1134 595 1168 summssnruu
616 1134 778 1168 ratramni.

172 1211 294 1273 [Tandem
305 1227 362 1274 prae
374 1211 453 1259 dolore
462 1212 502 1260 vix
514 1213 604 1260 mentis
615 1219 736 1275 compotes
747 1211 852 1260 universi
861 1219 1017 1260 concurrunt
1024 1213 1056 1260 ad

139 1276 243 1336 regiam,
253 1276 376 1339 armisque
388 1283 444 1325 ante
457 1277 518 1325 fores
530 1278 649 1342 projectis,
657 1277 759 1326 tunicati
771 1282 886 1333 astantes,
895 1277 966 1324 nuda
979 1283 1005 1324 ct
1015 1279 1056 1326 ob-

138 1342 213 1391 noxia
222 1343 304 1402 poenis
311 1356 412 1404 corpora
419 1343 516 1391 admitti
525 1342 612 1391 flentes
619 1344 728 1391 orabant.
751 1341 840 1390 Nonae
849 1343 989 1403 deprecari,
995 1343 1055 1405 quin

137 1407 265 1469 suppliciis
277 1407 383 1455 sontium
395 1408 556 1469 expiarentur,
566 1425 627 1470 quae
639 1424 682 1470 per
691 1407 872 1456 contumaciam
884 1407 1054 1469 deliquissent

138 1470 216 1534 Regis
225 1472 378 1519 iracundiam
386 1473 433 1520 sibi
441 1479 518 1520 morte
526 1473 657 1521 tristiorem
666 1489 727 1521 esse.
743 1473 852 1535 Cumque
860 1472 913 1520 dies
920 1479 1062 1535 noctesque⁸

139 1543 196 1583 aute
205 1536 300 1598 regiam
310 1536 472 1597 persistentes,
480 1537 614 1586 miserabili
622 1538 729 1586 clamore
736 1537 867 1600 habituque
874 1537 1053 1599 poenitentiam

137 1616 208 1648 suam
215 1601 385 1661 approbarent;
394 1601 493 1649 biduum
499 1607 582 1649 tamen
588 1603 704 1666 adversus
710 1603 852 1651 humilimas
860 1618 962 1650 suorum
968 1618 1053 1665 preces

138 1665 267 1713 iracundia
275 1665 341 1728 regia
348 1666 451 1714 duravit
475 1665 561 1714 Tertio
569 1666 609 1714 die
617 1667 695 1716 victus
705 1667 843 1716 constantia
850 1667 992 1729 supplicum
1002 1685 1053 1730 pro

137 1730 1053 1793 cessitincusataqueleniterexercitusimmodestiaucnsinemultisutrin-

137 1811 185 1859 que
196 1795 312 1854 lacrimis,
323 1796 350 1843 in
361 1797 468 1861 gratiam
481 1813 507 1845 se
525 1813 582 1845 cum
591 1797 651 1861 ipsis
663 1799 741 1847 redire
754 1798 874 1861 professus
886 1803 931 1846 est
970 1798 1053 1862 Digna

136 1868 220 1910 tamen
228 1877 267 1909 res
274 1861 326 1911 visa
334 1866 444 1925 estquae
449 1862 581 1928 majoribus
587 1863 672 1911 hostiis
680 1863 823 1925 expiaretur.
838 1863 924 1925 Itaque
933 1863 1054 1911 sacrificio

138 1927 269 1990 magnifice
277 1933 421 1989 perpetrato,
427 1927 590 1976 Macedonum
598 1928 672 1977 simul
680 1917 855 1990 Persarumque
863 1927 986 1989 primores
994 1929 1053 1976 invi-

136 1993 199 2040 tavit
210 1994 240 2039 ad
253 1993 342 2054 epulas.
376 1992 469 2040 Novem
481 1993 551 2041 milia
562 2009 591 2041 eo
603 1993 711 2041 convivio
728 1994 860 2054 excepisse,
873 1993 999 2054 proditum
1017 2001 1054 2041 est

138 2057 278 2111 memoriae,
290 2074 375 2119 eosque
388 2074 472 2106 omnes
485 2059 602 2107 invitante
614 2074 672 2122 rege
684 2075 714 2106 ex
726 2058 811 2106 eodem
824 2065 917 2112 cratere
930 2059 1053 2117 libauisse,

137 2122 403 2184 Graecisbarbarisqne
415 2124 510 2170 vatibus
521 2130 574 2171 tum
586 2124 636 2171 alia
648 2125 728 2171 fausta
739 2130 794 2171 vota
806 2124 991 2186 praeeuntibus,
1001 2131 1053 2172 tum

138 2186 259 2247 imprimis
267 2193 294 2234 ut
301 2203 330 2233 ea
340 2187 465 2248 utriusque
475 2188 572 2249 imperii
581 2189 606 2236 in
615 2191 681 2237 idem
690 2204 777 2250 corpus
788 2188 877 2244 coalita
885 2189 993 2236 societas
1001 2206 1053 2251 per-

139 2257 212 2312 petua
223 2251 291 2298 foret.
326 2251 450 2300 Maturata
461 2252 549 2300 deinde
567 2260 604 2300 est
615 2254 706 2312 missio,
718 2260 743 2302 et
754 2253 939 2301 infirmissimus
951 2255 1054 2317 quisque

138 2317 295 2364 exauctorati.
329 2317 473 2365 Amicorum
484 2333 575 2380 quoque
587 2320 710 2367 seniorum
722 2319 866 2381 quibusdam
878 2325 1055 2368 ‘commeatum

138 2382 212 2430 dedit
229 2381 268 2430 Ex
275 2382 329 2444 quis
336 2381 414 2430 Clitus
423 2391 584 2446 cognomento
592 2385 669 2432 Albus
677 2384 829 2447 Gorgiasque
839 2390 863 2430 et
871 2383 1024 2446 Polydamas
1031 2392 1056 2434 et

139 2448 276 2512 Antigenes
284 2448 356 2496 fuere.
374 2448 527 2496 Abeuntibus
535 2465 584 2497 non
591 2450 662 2498 modo
670 2450 795 2511 praeteriti
803 2449 920 2510 temporis
928 2450 1055 2512 stipendia

138 2528 196 2560 oum
205 2513 251 2561 fide
260 2514 379 2575 persolvit,
388 2514 555 2561 verumetiam
568 2516 686 2564 talantum
697 2515 787 2579 adjecit
796 2515 822 2562 in
831 2514 944 2577 singulos
954 2515 1056 2574 milites,

138 2578 222 2625 viatici
230 2579 336 2626 nomine.
348 2578 423 2626 Filios
430 2594 460 2626 ex
466 2580 583 2627 Asiaticis
590 2580 703 2628 uxoribus
710 2586 834 2642 susceptos
841 2581 883 2639 (ad
889 2579 977 2626 decem
984 2581 1055 2628 milia

138 2642 213 2689 fuisse
226 2645 362 2707 traduntur)
380 2645 444 2704 apud
461 2660 486 2691 se
504 2645 607 2706 relinqui
619 2645 701 2708 jussit,
712 2661 744 2692 ne
761 2645 789 2692 in
807 2644 984 2692 Macedoniam
997 2662 1056 2694 cum

139 2708 278 2767 parentibus
290 2709 444 2772 transgressi,
456 2716 481 2756 et
492 2711 636 2773 conjugibus
653 2710 784 2772 liberisque
796 2710 916 2772 prioribus
928 2711 1055 2771 permixti,

138 2771 245 2818 familias
268 2773 419 2836 singulorum
438 2775 631 2823 contentionibus
649 2781 674 2822 et
691 2775 820 2823 discordiis
838 2775 987 2836 implerent;
1007 2776 1056 2824 sibi

138 2851 211 2883 curae
224 2837 274 2884 fore
288 2840 416 2898 pollicitus,
428 2847 454 2887 ut
465 2840 544 2901 patrio
556 2856 622 2888 more
633 2840 739 2888 instituti
757 2840 860 2888 militiae
878 2840 951 2888 ardes
970 2843 1055 2889 edoce-

137 2908 226 2948 rentur.
245 2902 284 2949 lta
294 2919 365 2964 upra
373 2907 457 2953 decem
465 2911 634 2953 veteranorum
641 2905 819 2953 miliadimissa
827 2905 1055 2968 sunt3additusque

137 2974 175 3014 est
185 2967 305 3025 Craterus,
317 2969 357 3029 qui
370 2986 411 3016 eos
423 2971 560 3029 deduceret,
572 2987 602 3018 ex
613 2970 751 3032 praecipuis
763 2971 829 3034 regis
841 2971 936 3019 amicis.
973 2971 1021 3019 Cui
1033 2972 1055 3020 si

136 3033 194 3095 quid
205 3033 347 3080 humanitus
357 3035 494 3093 accidisset,
504 3035 691 3098 Polyperchonti
698 3052 784 3097 parere
793 3036 854 3101 jussi
864 3041 928 3083 sunt.
952 3036 1055 3084 Litteris

136 3098 212 3145 etiam
225 3099 256 3146 ad
266 3098 423 3160 Antipatrum
432 3101 534 3163 scriptis,
543 3102 659 3149 honorem
669 3101 778 3149 emeritis
787 3102 872 3167 haberi
883 3102 1019 3164 praecepit,
1028 3108 1057 3150 ut

134 3218 184 3269 find
195 3237 209 3268 a
220 3221 281 3269 little
293 3219 360 3268 alter.
393 3220 538 3284 Something
551 3233 616 3272 must
633 3222 695 3271 have
712 3226 774 3271 been
790 3225 843 3273 said
859 3224 887 3272 of
900 3225 950 3273 this
967 3227 994 3274 in
1010 3226 1053 3275 the

136 3279 265 3411 pa‘n‘ii'iiiv
273 3340 290 3400 ς’
303 3340 388 3397 rabies,
400 3338 462 3388 used
469 3339 528 3388 bere
537 3328 565 3389 to
575 3357 675 3401 express
682 3341 725 3389 tlte
732 3341 829 3401 highest
841 3342 950 3401 possible
962 3344 1054 3406 degree

123 3396 160 3479 α’Ι
165 3415 280 3465 maron,
293 3400 438 3464 commonly
449 3399 506 3451 said
514 3399 540 3449 ol
554 3401 615 3461 mad
623 3400 695 3459 toas.
