2274 3772
109 94 148 150 82
376 106 416 147 nr
438 106 545 147 orsrrs
566 107 751 149 sarzanum.

110 225 167 272 turn
179 225 207 271 et
219 217 374 296 Euphraten
388 222 438 286 est,
455 214 582 269 indotem
593 215 665 269 filiae
676 215 761 284 offert,
771 232 854 285 quam
862 216 912 271 tibi
925 217 1023 273 tradit:

109 286 215 341 Ochum
237 286 330 355 filium,
350 302 432 354 quern
453 285 545 355 habes,
567 287 641 354 pacis
660 295 687 338 et
706 285 770 338 fidei
786 285 908 340 obsidem
928 288 1023 359 retine,

111 366 225 410 matrem
236 365 264 408 et
282 354 477 423 duasvirgiues
494 354 563 407 filias
581 354 678 408 redde:
699 372 745 425 pro
762 355 847 408 tribus
863 356 1023 426 corporibus

110 427 217 494 triginta
241 424 316 478 milia
341 424 470 477 talentum
493 425 561 477 auri¹
598 434 700 477 recatur
725 425 848 494 accipias.
883 426 945 479 Nisi
964 443 1019 481 mo·

110 495 274 548 derationem
285 493 370 547 animi
387 494 426 547 tui
445 502 535 546 notam
547 441 676 547 haherem
689 511 739 546 nou
752 495 869 547 dicerem
888 494 941 548 hoc
961 513 1025 551 esse

112 573 227 633 tempus,
246 581 297 633 quo
321 580 416 632 paoem
440 580 489 615 uon
514 561 577 615 dare
601 563 696 632 solum,
717 563 869 618 sedetiam
888 580 1032 635 occupare.

111 633 245 688 deberes.¹
286 634 408 703 Respice,
432 641 562 701 quantum
585 641 643 701 post
668 643 694 685 te
718 633 872 702 reliqueris:
905 633 1022 705 intuere,

111 711 239 772 quantum
252 711 336 772 petas.
373 701 553 755 Periculosum
565 712 605 754 est
618 719 762 771 praegrave
775 703 932 772 imperium:
953 704 1024 759 diffi-

111 773 162 825 cile
181 782 221 826 est
241 772 312 825 enim
333 772 475 840 continere,
488 771 558 840 quod
578 787 674 840 capere
694 790 744 824 nou
765 772 856 841 possis.
893 772 1023 844 Videsne,

113 852 141 895 ut
153 842 267 912 navigia,
280 859 349 910 quae
368 840 477 894 modum
496 841 636 908 excedunt,
649 842 704 909 regi
722 841 892 910 nequeant&
913 843 1023 914 Nescio,

112 912 157 966 an³
169 912 271 964 Dareus
283 910 343 963 ideo
356 922 411 963 tam
427 910 512 962 multa
523 910 649 980 amiserit,
662 911 725 979 quia
744 910 842 964 nimiae
862 928 928 981 opes
947 930 1025 981 mag·

112 998 163 1036 nae
185 981 303 1050 jacturae
327 980 416 1033 loouru
446 979 554 1032 faciunt.
599 979 717 1033 Facilius
747 982 880 1050 quaedam
904 982 1024 1051 vincere,

112 1067 193 1120 quarn
214 1050 299 1102 tueri:
324 1065 412 1118 quam,
434 1047 551 1118 hercule,
572 1049 722 1118 expeditius
742 1066 838 1103 manua
857 1060 964 1103 nostrae
984 1069 1026 1105 ra-

112 1121 195 1190 piunt,
214 1136 297 1188 quam
315 1117 464 1172 continent!
502 1119 562 1187 Ipsa
581 1135 652 1171 mors
670 1119 759 1173 uxoris
779 1119 856 1173 Darei
875 1119 1026 1175 admouere

113 1200 139 1243 te
151 1199 244 1259 potest,
257 1189 346 1242 minus
357 1187 413 1258 jam
424 1187 619 1241 misericordiae
632 1197 694 1240 tuae
707 1188 794 1258 licere,
807 1205 887 1257 quam
901 1189 990 1243 licuit.

147 1266 189 1312 44.
209 1258 361 1312 Alexander
389 1257 484 1326 legatis
502 1257 633 1310 excedere
653 1256 824 1310 tabernaculo
846 1257 936 1328 jussis,
957 1258 1026 1329 quid

112 1328 229 1398 placeret
240 1327 275 1381 ad
287 1297 423 1381 consilium
437 1326 525 1378 refert.
561 1327 613 1380 Diu
631 1344 711 1379 nemo
729 1327 792 1396 quid
813 1327 923 1380 sentiret
940 1345 1028 1383 ausus

112 1407 153 1451 est
164 1399 262 1466 dicere,
275 1397 377 1457 incerta
393 1397 463 1464 regis
476 1396 630 1449 uoluntate.⁴
660 1397 782 1449 Tandem
795 1397 944 1467 Parmenio,
959 1409 1027 1455 ante

112 1468 245 1533 suasisse,⁶
268 1466 312 1534 ait,
338 1474 367 1518 ut
389 1466 510 1535 captivos
532 1466 603 1535 apud
636 1466 795 1519 Damascum
827 1466 1029 1522 redimentibus

112 1536 252 1605 redderet,
277 1535 413 1602 ingentem
436 1535 579 1603 pecuniam
601 1536 719 1605 potuisse
740 1536 824 1604 redigi
848 1553 883 1589 ex
907 1535 956 1606 his,
978 1538 1028 1607 qui

112 1605 188 1659 multi
208 1605 290 1658 vincti
308 1606 423 1656 virorum
440 1604 546 1657 fortium
570 1615 728 1674 occuparent
748 1623 851 1658 manus.
895 1607 930 1658 Et
950 1624 1029 1661 nuno

112 1691 272 1745 magnopere
284 1690 402 1743 censere,
416 1682 444 1726 ut
457 1691 537 1727 unam
548 1691 629 1727 anum
643 1683 669 1727 et
685 1674 753 1727 duas
770 1675 882 1745 puellas,
896 1676 1029 1731 itinerum

111 1747 302 1814 agminumque
326 1743 526 1813 impedimenta,
550 1744 656 1816 triginta
678 1744 788 1798 milibus
813 1744 942 1798 talentum
966 1747 1029 1801 auri

130 1824 253 1868 ermutet.
288 1814 414 1884 Opimum
425 1831 535 1881 regnum
548 1830 678 1883 occupare
691 1814 779 1882 posse⁰
790 1814 955 1884 condicione,
972 1833 1028 1871 non

111 1832 189 1953 hello,
203 1902 252 1937 nec
264 1900 427 1953 quemquam
445 1883 528 1936 aliurn
548 1883 615 1935 inter
633 1883 728 1935 Istmm
746 1892 773 1936 et
791 1882 944 1953 Euphraten
964 1902 1028 1954 pos-

113 1954 214 2007 sedisse
234 1961 316 2007 terras
334 1953 434 2021 ingenti
453 1953 537 2021 spatio
554 1952 743 2022 intervalloque
756 1952 891 2005 discretas.
928 1954 1029 2009 Mace·

111 2024 217 2075 <leniam
235 2038 339 2092 quoque
358 2023 446 2091 potius
463 2023 614 2090 respiceret,
629 2038 710 2090 quam
730 2022 824 2075 Bactra
841 2032 868 2075 et
887 2022 967 2076 Indos
987 2025 1028 2078 in-

112 2101 236 2144 tueretur.
273 2093 377 2159 Ingrata
390 2090 471 2142 oratio
484 2091 539 2158 regi
556 2090 616 2143 suit.
652 2091 745 2161 ltaque
764 2102 792 2145 ut
811 2093 894 2145 finem
914 2093 1028 2149 dicendi

112 2161 182 2229 leoit,
208 2162 241 2213 Et
265 2176 321 2230 ego,
342 2160 434 2228 inquit,
456 2163 599 2228 pecuniam
621 2177 702 2229 quam
727 2162 837 2230 gloriam
856 2161 976 2230 mallem,
1004 2164 1029 2219 si

111 2231 249 2285 Parmenio
269 2247 367 2283 essem.
402 2230 482 2282 Nunc
501 2228 660 2297 Alexander,
682 2230 716 2283 da
736 2248 787 2300 pau
808 2240 891 2284 ertate
911 2249 1030 2299 securus

112 2319 171 2355 sum
191 2309 218 2353 et
235 2317 280 2353 me
297 2317 348 2353 non
360 2306 536 2351 mercatorem
548 2299 659 2353 memini
671 2316 739 2369 esse,
753 2249 807 2353 scil
813 2303 913 2369 regem.
949 2302 1029 2357 Nihil

142 2404 204 2452 ¹We
216 2413 303 2452 cannot
315 2401 371 2450 take
383 2401 432 2450 this
440 2411 466 2449 to
475 2417 545 2449 mean
559 2401 662 2449 ‘talenta
673 2401 701 2449 ol
707 2402 781 2462 gold!
809 2401 864 2450 The
875 2417 931 2450 sum
942 2402 1029 2453 would

90 2474 94 2480 ·
111 2465 142 2512 bs
153 2473 193 2511 too
204 2478 340 2512 enormous.
372 2461 427 2510 The
438 2461 545 2522 genitive
555 2463 613 2509 auri
623 2471 688 2508 must
698 2463 729 2509 ba
740 2461 872 2510 translated
886 2461 925 2509 ‘in
938 2461 998 2522 gold
1007 2465 1026 2520 ;’

112 2524 164 2571 that
176 2523 206 2579 is,
219 2523 260 2570 the
271 2537 359 2582 money
370 2537 421 2570 was
437 2532 463 2569 to
479 2523 508 2569 be
520 2520 574 2580 paid
590 2520 615 2567 in
630 2520 687 2580 gold
703 2521 779 2568 coins.
810 2520 873 2569 This
884 2521 905 2568 is
916 2521 1027 2579 particu-

112 2581 172 2640 larly
193 2581 341 2637 mentioned,
362 2583 465 2629 because
487 2580 511 2628 in
534 2580 627 2628 Graece
645 2596 659 2627 a
676 2579 752 2628 talant
771 2596 822 2629 was
843 2580 898 2640 paid
920 2581 946 2628 in
965 2584 1029 2630 6000

112 2641 343 2689 drachmae-silum
353 2641 429 2689 coins.

141 2699 194 2746 'He
205 2715 262 2758 says
273 2699 297 2746 in
308 2698 389 2754 effect,
403 2697 561 2766 ‘Youought
572 2707 613 2745 not
624 2697 682 2757 only
691 2707 716 2745 to
724 2702 794 2780 grqnt
804 2714 833 2746 so
844 2697 1029 2767 advantageous

112 2756 773 2925 {stiltillttlttrt‘l‘lstilti,tiridati
789 2756 1029 2886 lil‘ltlll‘llt

130 2876 159 2924 ad
171 2875 200 2923 he
212 2885 253 2923 not
266 2875 356 2923 known
366 2874 407 2922 tha
419 2874 568 2922 moderatiori
577 2875 606 2923 ol
618 2875 782 2924 Alexander¹s
794 2875 868 2924 mind.

141 2934 189 2983 ⁸⁶1
201 2934 274 2982 know
285 2944 326 2981 not
338 2932 433 2989 indeed,
446 2935 490 2981 but
501 2933 622 3040 perhaps‚’
637 2934 685 2982 dac.

142 2995 183 3043 ‘A
199 2992 378 3041 characteristic
393 2991 485 3040 lentore
500 2992 529 3040 os
545 3008 559 3040 a
593 2993 657 3054 ing¹s
674 2993 776 3043 council.
808 2993 831 3041 It
847 2992 967 3054 certainly
985 3004 1029 3045 too

112 3053 178 3103 osten
188 3053 296 3112 happens
307 3051 359 3100 that
370 3050 412 3098 the
422 3053 543 3100 membsrs
553 3051 581 3099 ol
587 3052 649 3100 such
659 3053 776 3102 acouncil
787 3054 845 3102 wait
856 3064 881 3101 to
892 3052 950 3101 hear
961 3053 1030 3105 their

112 3113 226 3162 mastcr's
237 3111 342 3182 opinion,
355 3109 402 3179 and
413 3110 486 3179 ¹then,
499 3111 623 3159 whatever
638 3113 669 3160 be
684 3112 748 3160 their
762 3128 819 3161 own
836 3113 929 3173 private
947 3112 1028 3163 senti·

112 3171 329 3290 merl'lrechliliieill
340 3168 536 3285 valenlilsltemitted
550 3230 740 3278 accustruction
755 3246 868 3279 common
886 3228 987 3292 enough
1002 3232 1031 3283 in

112 3290 152 3340 lon
170 3306 196 3339 er
206 3305 231 3338 re
248 3288 317 3337 orted
327 3287 453 3349 speeches.
485 3287 532 3336 See
545 3288 625 3337 Graia.
637 3288 651 3340 0
663 3293 714 3337 385.

140 3355 149 3380 ·
179 3305 253 3410 appii
264 3347 305 3398 the
316 3346 453 3398 accusative
464 3346 492 3395 os
504 3346 545 3395 the
556 3361 644 3406 person
655 3347 794 3407 addressed,
807 3348 983 3401 Messana.
