2274 3772
108 191 165 243 att
376 201 416 241 ns
439 201 548 241 cessis
570 201 755 240 uterinum.

110 329 202 366 omues
214 310 367 378 fatigatione
380 310 525 363 continuati
537 309 636 362 laboris
652 309 754 376 affecti,
773 309 884 377 quidam
904 305 1031 360 mttltati¹

110 391 183 452 parte
207 379 402 447 membrorum3
428 380 577 447 pariterque
603 397 650 430 eos
675 391 700 429 et
725 396 775 430 nox
795 389 822 429 et
840 396 957 430 somnus
985 395 1035 444 op-

111 451 213 520 pressit.
250 448 343 501 Stratis
367 450 467 516 passim
489 448 641 516 corporibus
665 449 691 499 in
717 449 796 499 iuriis
819 459 845 497 et
872 449 896 498 itt
922 447 1035 515 asperis

112 519 254 586 sasornm,²
268 516 379 586 periculi
398 518 518 570 instantis
535 516 609 568 obliti
628 520 654 568 in
673 518 761 569 lucem
775 518 934 584 quieverunt
944 533 952 582 5
971 526 1033 568 tan-

111 588 227 656 demque
246 586 319 638 velut
338 604 373 639 ex
391 586 444 639 alto
462 603 553 655 sopore
573 588 687 654 excitati,
700 586 818 638 occultas
835 586 1033 654 subjectasque

112 658 176 726 ipsis
194 656 277 708 valles
298 656 432 724 rimantes,
453 655 538 722 ignari
561 655 586 707 in
608 675 661 724 qua
685 667 757 724 parte
781 669 870 722 petrae
892 665 969 707 tanta
988 657 1034 706 vis

112 725 228 779 hostium
241 724 348 778 condita
360 734 439 794 esset,
452 723 557 777 fumum
569 743 665 793 specus
684 725 749 776 inlra
762 742 791 775 se
805 727 874 792 ipsos
887 725 1033 777 evolutum

114 803 280 848 notaverunt.
324 795 366 847 Ex
383 810 435 863 quo
459 793 632 861 intellectum,
655 795 727 846 illant
752 794 865 845 hostium
893 793 1031 846 latebram

113 882 182 916 esse.
225 863 317 931 ltaque
342 863 425 915 hastis
449 862 599 932 imposuere
622 864 691 931 quod
717 873 875 914 convenerat
900 865 1032 930 signnm5

114 943 218 1002 totoque
231 949 246 984 e
258 950 369 984 numero
380 932 447 984 duos
458 941 485 984 et
495 933 566 984 XXX
578 933 603 983 in
615 951 727 984 ascensu
739 935 857 983 interisse
866 943 1029 998 agnoscunt.

149 1007 190 1054 ta.
210 1004 265 1056 Rex
288 1020 338 1055 non
363 1001 486 1070 cupidine
510 1002 595 1069 magis
622 1003 738 1069 potiundi
763 1003 821 1067 lot-i,
846 1019 930 1068 quarn
956 1002 1033 1054 vice⁸

115 1089 214 1140 eorum,
234 1088 300 1140 quos
319 1071 354 1124 ad
374 1081 430 1122 tam
453 1069 624 1123 manifestum
648 1072 792 1138 pericnlum
815 1072 933 1138 miserat,
957 1071 1032 1122 solli·

114 1143 189 1208 citus,
214 1151 267 1193 toto
290 1140 333 1193 die
361 1140 501 1192 cacumina
528 1140 625 1192 montis
655 1141 759 1191 intuens
788 1140 891 1191 restitit.
938 1141 1032 1193 Noctu

114 1210 232 1279 demum,
245 1227 306 1262 curn
325 1209 470 1262 obscuritas
486 1219 659 1276 conspectum
676 1210 809 1261 oculorum
822 1208 981 1272 ademisset,
993 1211 1032 1263 ad

115 1280 262 1332 curandum
280 1296 375 1348 corpus
392 1277 514 1330 recessit..
547 1278 652 1331 Postero
667 1279 718 1346 die,
733 1279 847 1330 nondum
869 1279 937 1330 satis
956 1278 1033 1332 clara

116 1350 183 1415 luce,
197 1349 298 1418 primus
309 1347 377 1415 vela,
396 1348 502 1414 signum
518 1347 589 1415 capti
607 1348 719 1413 verticis,
738 1348 883 1414 conspexit.
919 1347 975 1400 Sed
995 1367 1033 1402 ne

116 1418 249 1470 falleretur
259 1417 352 1483 acies,⁴
363 1415 484 1468 dubitare
502 1415 614 1482 cogebat
631 1417 744 1469 varietas
762 1417 834 1480 coeli,
856 1434 927 1468 nnnc
947 1419 1032 1470 inter·

117 1488 217 1540 nitente
235 1485 304 1537 lucis
316 1484 424 1552 fulgore,
437 1501 507 1535 nnnc
525 1483 637 1537 condito.
672 1487 771 1537 Verum
790 1499 817 1536 ut
839 1486 964 1554 liquidior
984 1489 1034 1541 lux

116 1555 237 1623 apparuit
255 1553 335 1621 coelo,
350 1553 479 1605 dubitatio
496 1562 621 1621 exempta
639 1564 694 1618 est;
713 1565 886 1622 vocatumque
906 1556 1032 1626 Cophen,

117 1639 261 1693 perquem
284 1621 453 1675 barbarorum
477 1623 580 1673 animos
603 1633 785 1692 temptaverat
809 1625 890 1676 mittit
913 1627 949 1676 ad
973 1643 1032 1695 eos,

117 1693 162 1762 qui
184 1703 311 1759 moneret,
332 1708 401 1743 nuno
421 1690 516 1742 saltem
537 1691 668 1743 salubrius
687 1693 826 1744 consilium
848 1693 964 1747 inirent:
988 1697 1032 1748 sin

117 1763 217 1814 autem⁵
233 1761 332 1813 fiducia
350 1760 400 1813 loci
417 1773 622 1830 perseverarent,
635 1763 736 1813 ostendi
756 1781 772 1813 a
790 1771 861 1829 tergo
878 1762 970 1832 jussit,
983 1767 1034 1833 qui

117 1839 242 1900 ceperant
250 1830 388 1882 verticem.
424 1829 528 1898 Cophes
539 1829 672 1882 admissus
683 1831 793 1882 suadere
807 1834 893 1899 coepit
906 1834 1035 1888 Arimazi

118 1911 218 1970 petram
237 1899 359 1969 tradere‚⁶
376 1900 487 1968 gratiam
507 1901 576 1966 regis
594 1899 696 1968 inituro,
710 1901 731 1951 si
750 1910 835 1953 tantus
854 1919 897 1952 res
915 1903 1034 1956 mulien·
1072 1936 1078 1945 ·

119 1983 173 2022 tem
198 1971 223 2023 itt
244 1969 322 2021 unius
345 1969 416 2038 rupis
435 1969 569 2021 obsidione
591 1970 698 2021 haerere
719 1987 767 2021 non
790 1971 930 2025 coceisset.
972 1973 1034 2043 Ille,

119 2040 233 2091 ferocius
257 2039 448 2106 superbiusque
472 2055 550 2106 quam
575 2048 654 2089 antea
683 2038 791 2105 locutus,
817 2039 890 2090 abire
916 2041 1034 2109 Cophen

122 2108 205 2176 jubet.
241 2111 277 2159 itt
301 2109 323 2158 is
345 2110 480 2176 prensum⁷
503 2125 583 2159 manu
614 2107 751 2160 barbarum
776 2120 854 2175 rogat,
879 2120 907 2160 ut
932 2128 1034 2164 secum

101 2239 102 2242 Ἴ
119 2185 192 2228 extra
210 2193 319 2244 specum
338 2175 462 2244 prodeat:
483 2193 533 2242 quo
552 2176 699 2244 impetrato,
713 2176 824 2245 juvenes
843 2179 865 2228 in
885 2181 1036 2234 cacumine

119 2243 240 2313 ostendit,
254 2243 366 2313 ejusque
386 2243 527 2312 superbiae
549 2244 617 2296 haud
639 2245 771 2297 immerito
790 2246 910 2314 illudens,
931 2249 1037 2314 pinnas

121 2315 218 2367 habere
236 2313 273 2366 ait
292 2313 391 2365 milites
402 2313 555 2365 Alexandri.
589 2315 702 2382 Jamque
714 2332 730 2366 e
742 2316 922 2368 Macedonum
934 2321 1038 2372 castris

120 2386 252 2451 signorum
275 2393 419 2435 concentus
442 2393 468 2434 et
493 2382 571 2435 totius
594 2385 726 2436 exercitus
745 2386 842 2436 clamor
859 2386 1037 2440 audiebatur.

124 2455 158 2505 Ea
173 2470 220 2520 res,
235 2453 302 2506 sicut
320 2452 446 2523 pleraque
459 2452 521 2505 belli
534 2469 602 2505 vana
614 2463 640 2505 et
652 2454 758 2523 inania,s
770 2454 892 2505 barbaros
904 2456 938 2504 ad
954 2456 1037 2509 dedi-

119 2524 218 2574 tionem
232 2523 317 2575 traxit.
353 2522 456 2591 Quippe
469 2523 589 2591 occupati
602 2531 675 2574 metu
694 2523 853 2592 paucitatem
867 2540 969 2591 eorum,
986 2527 1038 2595 qui

150 2686 154 2706 ¹
165 2680 190 2746 ‘l
193 2681 296 2739 njured‚’
309 2682 333 2728 in
343 2681 443 2728 relation
456 2690 480 2727 to
492 2681 532 2727 the
544 2681 622 2739 body:
634 2684 734 2728 multare
744 2681 879 2741 frequently
891 2698 978 2731 means
995 2691 1039 2734 ‘to

120 2739 225 2798 punish,’
239 2740 392 2798 particularly
403 2742 435 2798 by
447 2739 564 2799 inflictiug
579 2757 592 2786 u
604 2740 650 2786 stne
663 2743 761 2794 (multa).

147 2797 200 2843 αΑε
211 2806 236 2844 to
248 2798 296 2844 this
308 2799 480 2854 construction,
491 2814 532 2845 see
546 2800 625 2846 Grata.
638 2800 651 2850 l>
662 2803 714 2854 275,
727 2816 746 2854 c,
759 2810 816 2846 note
826 2806 847 2847 3.

149 2861 157 2884 ³
168 2855 222 2902 The
230 2858 366 2924 accusative
373 2860 443 2906 vicem
452 2857 472 2904 is
481 2873 546 2904 more
555 2858 690 2916 frequently
697 2858 765 2905 used.
788 2859 834 2905 See
844 2859 943 2916 Zumpt,
953 2860 967 2910 b
977 2866 1037 2911 453,

148 2920 155 2942 ⁴
170 2914 305 2962 ‘Whether
315 2914 352 2963 hrs
363 2932 421 2974 eyes
433 2916 560 2976 (eyesight)
573 2933 635 2963 were
651 2928 691 2964 not
703 2917 834 2964 received?
867 2918 933 2965 Num
949 2919 971 2966 is
990 2922 1037 2970 the

118 2973 213 3034 regular
224 2973 331 3041 particle,
345 2974 390 3021 und
401 2975 450 3022 this
461 2976 481 3022 is
498 2992 511 3022 a
527 2975 626 3033 solitery
637 2976 745 3022 instance
756 2976 784 3022 of
795 2979 901 3023 dubitare
916 2994 965 3032 ne,·
987 2981 1034 3028 the

119 3042 282 3087 construction
293 3047 313 3078 ts
326 3032 399 3079 tehen
409 3033 470 3080 from
479 3034 530 3080 that
540 3034 567 3080 os
574 3037 626 3080 vide
636 3052 673 3089 ne,
689 3035 760 3081 ‘take
771 3051 824 3082 cure
837 3037 887 3081 thut
897 3071 902 3081 .
913 3071 919 3081 .
931 3072 936 3082 .
948 3072 953 3082 .
964 3041 1034 3086 not.’

149 3090 273 3151 ”Though
283 3092 324 3138 sin
339 3091 383 3158 has
399 3091 468 3138 iners
483 3093 523 3140 the
540 3095 651 3151 meaning
662 3093 689 3139 of
698 3099 704 3118 ¹
713 3094 733 3140 if
745 3094 865 3141 however'
879 3110 905 3140 or
919 3097 977 3142 ‘but
993 3097 1033 3154 is,’

119 3162 159 3239 reg
168 3151 1034 3268 tldtg.tt⁰.t.2tlllqultlltllsslt.{5⁹.?.l¹{¹.¹}l,lil?·...

122 3268 201 3316 Gran.
213 3270 226 3320 b
238 3272 289 3324 375,
303 3278 359 3316 nole
370 3271 392 3317 3.

106 3389 123 3434 l
149 3327 291 3385 *Prendern
302 3344 414 3391 prensus,
424 3342 535 3374 common
543 3328 682 3376 contracted
690 3329 763 3377 forms
771 3329 807 3377 for
815 3333 961 3391 preteream,
973 3349 1034 3392 pre.

115 3404 206 3435 centua

132 3451 142 3474 ⁹
155 3452 162 3472 ¹
173 3446 236 3497 Vein
246 3449 299 3502 and
309 3449 443 3517 deceptiva
456 3463 637 3514 appearances,
648 3462 676 3495 or
687 3458 859 3496 occuneuces,
870 3442 968 3487 utun?
