<?xml version="1.0" encoding="UTF-8"?>
<!DOCTYPE html PUBLIC "-//W3C//DTD XHTML 1.0 Transitional//EN"
    "http://www.w3.org/TR/xhtml1/DTD/xhtml1-transitional.dtd">
<html xmlns="http://www.w3.org/1999/xhtml" xml:lang="en" lang="en">
 <head>
  <title>
</title>
<meta http-equiv="Content-Type" content="text/html;charset=utf-8" />
  <meta name='ocr-system' content='tesseract 3.04.00' />
  <meta name='ocr-capabilities' content='ocr_page ocr_carea ocr_par ocr_line ocrx_word'/>
</head>
<body>
  <div class='ocr_page' id='page_1' title='image "./degestisalexand00rufugoog_0038.png"; bbox 0 0 2274 3772; ppageno 0'>
   <div class='ocr_carea' id='block_1_1' title="bbox 459 142 1021 197">
    <p class='ocr_par' dir='ltr' id='par_1_1' title="bbox 459 142 1021 197">
     <span class='ocr_line' id='line_1_1' title="bbox 459 142 1021 197; baseline 0.012 -7"><span class='ocrx_word' id='word_1_1' title='bbox 459 181 463 190; x_wconf 92' lang='lat'><em>.</em></span> <span class='ocrx_word' id='word_1_2' title='bbox 496 154 587 196; x_wconf 76' lang='lat' dir='ltr'>arana</span> <span class='ocrx_word' id='word_1_3' title='bbox 606 156 648 196; x_wconf 81' lang='lat' dir='ltr'>in.</span> <span class='ocrx_word' id='word_1_4' title='bbox 981 142 1021 197; x_wconf 61' lang='grc' dir='ltr'><strong>ἥ</strong></span> 
     </span>
    </p>
   </div>
   <div class='ocr_carea' id='block_1_2' title="bbox 70 262 1023 1794">
    <p class='ocr_par' dir='ltr' id='par_1_2' title="bbox 70 262 1020 1446">
     <span class='ocr_line' id='line_1_2' title="bbox 118 262 1018 337; baseline -0.003 -14"><span class='ocrx_word' id='word_1_5' title='bbox 118 285 251 324; x_wconf 84' lang='lat' dir='ltr'>armorum</span> <span class='ocrx_word' id='word_1_6' title='bbox 270 262 396 320; x_wconf 81' lang='lat' dir='ltr'>exaudire</span> <span class='ocrx_word' id='word_1_7' title='bbox 413 264 479 318; x_wconf 91' lang='lat' dir='ltr'>mihi</span> <span class='ocrx_word' id='word_1_8' title='bbox 497 265 604 332; x_wconf 85' lang='lat' dir='ltr'>videor‚¹</span> <span class='ocrx_word' id='word_1_9' title='bbox 622 274 649 317; x_wconf 87' lang='lat' dir='ltr'>et</span> <span class='ocrx_word' id='word_1_10' title='bbox 666 266 714 337; x_wconf 87' lang='lat' dir='ltr'>qui</span> <span class='ocrx_word' id='word_1_11' title='bbox 729 264 797 318; x_wconf 88' lang='lat' dir='ltr'>ultro</span> <span class='ocrx_word' id='word_1_12' title='bbox 815 264 891 319; x_wconf 89' lang='lat' dir='ltr'>intuli</span> <span class='ocrx_word' id='word_1_13' title='bbox 909 265 1018 335; x_wconf 87' lang='lat' dir='ltr'>bellum,</span> 
     </span>
     <span class='ocr_line' id='line_1_3' title="bbox 121 334 1018 408; baseline -0.001 -19"><span class='ocrx_word' id='word_1_14' title='bbox 121 340 172 394; x_wconf 81' lang='lat' dir='ltr'>&#39;am</span> <span class='ocrx_word' id='word_1_15' title='bbox 190 354 322 408; x_wconf 89' lang='lat' dir='ltr'>provocor.</span> <span class='ocrx_word' id='word_1_16' title='bbox 358 337 461 388; x_wconf 80' lang='lat' dir='ltr'>Dareus</span> <span class='ocrx_word' id='word_1_17' title='bbox 479 350 541 401; x_wconf 88' lang='lat' dir='ltr'>ergo</span> <span class='ocrx_word' id='word_1_18' title='bbox 558 351 621 386; x_wconf 90' lang='lat' dir='ltr'>curn</span> <span class='ocrx_word' id='word_1_19' title='bbox 639 346 692 387; x_wconf 87' lang='lat' dir='ltr'>tam</span> <span class='ocrx_word' id='word_1_20' title='bbox 706 335 834 403; x_wconf 73' lang='lat' dir='ltr'>superbae</span> <span class='ocrx_word' id='word_1_21' title='bbox 845 334 946 389; x_wconf 75' lang='lat' dir='ltr'>litteras</span> <span class='ocrx_word' id='word_1_22' title='bbox 956 337 1018 390; x_wconf 79' lang='lat' dir='ltr'>ecri-</span> 
     </span>
     <span class='ocr_line' id='line_1_4' title="bbox 117 358 1016 475; baseline -0.006 -12"><span class='ocrx_word' id='word_1_23' title='bbox 117 358 353 464; x_wconf 80' lang='lat' dir='ltr'>heret²lortunam</span> <span class='ocrx_word' id='word_1_24' title='bbox 367 422 455 457; x_wconf 84' lang='lat' dir='ltr'>rneam</span> <span class='ocrx_word' id='word_1_25' title='bbox 475 407 501 456; x_wconf 92' lang='lat' dir='ltr'>in</span> <span class='ocrx_word' id='word_1_26' title='bbox 519 403 626 456; x_wconf 84' lang='lat' dir='ltr'>coneilio</span> <span class='ocrx_word' id='word_1_27' title='bbox 640 404 756 457; x_wconf 67' lang='lat' dir='ltr'>habuit:8</span> <span class='ocrx_word' id='word_1_28' title='bbox 773 405 818 457; x_wconf 85' lang='lat' dir='ltr'>aed</span> <span class='ocrx_word' id='word_1_29' title='bbox 833 406 1016 475; x_wconf 76' lang='lat' dir='ltr'>nequicquam,</span> 
     </span>
     <span class='ocr_line' id='line_1_5' title="bbox 119 473 1020 543; baseline -0.006 -10"><span class='ocrx_word' id='word_1_30' title='bbox 119 481 140 533; x_wconf 84' lang='lat' dir='ltr'>ai</span> <span class='ocrx_word' id='word_1_31' title='bbox 152 480 187 531; x_wconf 89' lang='lat' dir='ltr'>mi</span> <span class='ocrx_word' id='word_1_32' title='bbox 211 477 336 530; x_wconf 85' lang='lat' dir='ltr'>iarbitrio</span> <span class='ocrx_word' id='word_1_33' title='bbox 347 491 408 527; x_wconf 90' lang='lat' dir='ltr'>meo</span> <span class='ocrx_word' id='word_1_34' title='bbox 425 475 519 526; x_wconf 70' lang='lat' dir='ltr'>curari⁴</span> <span class='ocrx_word' id='word_1_35' title='bbox 531 473 602 526; x_wconf 82' lang='lat' dir='ltr'>licet.</span> <span class='ocrx_word' id='word_1_36' title='bbox 639 475 723 527; x_wconf 89' lang='lat' dir='ltr'>Lenta</span> <span class='ocrx_word' id='word_1_37' title='bbox 741 473 859 526; x_wconf 90' lang='lat' dir='ltr'>remedia</span> <span class='ocrx_word' id='word_1_38' title='bbox 877 485 903 527; x_wconf 93' lang='lat' dir='ltr'>et</span> <span class='ocrx_word' id='word_1_39' title='bbox 922 491 1020 543; x_wconf 78' lang='lat' dir='ltr'>aegaee</span> 
     </span>
     <span class='ocr_line' id='line_1_6' title="bbox 118 544 1010 613; baseline -0.006 -11"><span class='ocrx_word' id='word_1_40' title='bbox 118 548 237 602; x_wconf 84' lang='lat' dir='ltr'>medicos</span> <span class='ocrx_word' id='word_1_41' title='bbox 259 563 309 598; x_wconf 93' lang='lat' dir='ltr'>non</span> <span class='ocrx_word' id='word_1_42' title='bbox 334 553 475 613; x_wconf 81' lang='lat' dir='ltr'>expectant</span> <span class='ocrx_word' id='word_1_43' title='bbox 499 552 617 612; x_wconf 87' lang='lat' dir='ltr'>tempora</span> <span class='ocrx_word' id='word_1_44' title='bbox 640 560 717 605; x_wconf 86' lang='lat' dir='ltr'>mea:</span> <span class='ocrx_word' id='word_1_45' title='bbox 743 544 786 596; x_wconf 86' lang='lat' dir='ltr'>vel</span> <span class='ocrx_word' id='word_1_46' title='bbox 815 545 881 596; x_wconf 86' lang='lat' dir='ltr'>mori</span> <span class='ocrx_word' id='word_1_47' title='bbox 905 553 1010 597; x_wconf 81' lang='lat' dir='ltr'>strenue</span> 
     </span>
     <span class='ocr_line' id='line_1_7' title="bbox 117 583 1019 688; baseline -0.003 -18"><span class='ocrx_word' id='word_1_48' title='bbox 117 634 197 688; x_wconf 87' lang='lat' dir='ltr'>quam</span> <span class='ocrx_word' id='word_1_49' title='bbox 211 615 284 668; x_wconf 82' lang='lat' dir='ltr'>tarde</span> <span class='ocrx_word' id='word_1_50' title='bbox 296 614 482 667; x_wconf 84' lang='lat' dir='ltr'>convalescere</span> <span class='ocrx_word' id='word_1_51' title='bbox 500 613 564 665; x_wconf 86' lang='lat' dir='ltr'>mihi</span> <span class='ocrx_word' id='word_1_52' title='bbox 583 613 746 667; x_wconf 66' lang='lat' dir='ltr'>meliceeet.</span> <span class='ocrx_word' id='word_1_53' title='bbox 783 613 902 683; x_wconf 83' lang='lat' dir='ltr'>Proinde,</span> <span class='ocrx_word' id='word_1_54' title='bbox 915 615 937 666; x_wconf 84' lang='lat' dir='ltr'>ai</span> <span class='ocrx_word' id='word_1_55' title='bbox 955 583 1019 682; x_wconf 84' lang='lat' dir='ltr'>quid</span> 
     </span>
     <span class='ocr_line' id='line_1_8' title="bbox 70 681 1018 758; baseline -0.003 -19"><span class='ocrx_word' id='word_1_56' title='bbox 70 688 74 693; x_wconf 85' lang='lat'>&#39;</span> <span class='ocrx_word' id='word_1_57' title='bbox 117 689 181 758; x_wconf 83' lang='lat' dir='ltr'>cpia,</span> <span class='ocrx_word' id='word_1_58' title='bbox 195 687 217 738; x_wconf 86' lang='lat' dir='ltr'>ei</span> <span class='ocrx_word' id='word_1_59' title='bbox 235 684 298 754; x_wconf 91' lang='lat' dir='ltr'>quid</span> <span class='ocrx_word' id='word_1_60' title='bbox 317 684 380 735; x_wconf 89' lang='lat' dir='ltr'>artis</span> <span class='ocrx_word' id='word_1_61' title='bbox 396 684 422 734; x_wconf 91' lang='lat' dir='ltr'>in</span> <span class='ocrx_word' id='word_1_62' title='bbox 440 681 554 736; x_wconf 80' lang='lat' dir='ltr'>medicis</span> <span class='ocrx_word' id='word_1_63' title='bbox 568 693 616 754; x_wconf 78' lang='lat' dir='ltr'>est,</span> <span class='ocrx_word' id='word_1_64' title='bbox 629 682 720 751; x_wconf 56' lang='lat' dir='ltr'>ebibat,</span> <span class='ocrx_word' id='word_1_65' title='bbox 734 700 777 735; x_wconf 88' lang='lat' dir='ltr'>me</span> <span class='ocrx_word' id='word_1_66' title='bbox 790 698 840 735; x_wconf 90' lang='lat' dir='ltr'>uon</span> <span class='ocrx_word' id='word_1_67' title='bbox 854 693 909 737; x_wconf 89' lang='lat' dir='ltr'>tam</span> <span class='ocrx_word' id='word_1_68' title='bbox 920 683 1018 752; x_wconf 82' lang='lat' dir='ltr'>mortis,</span> 
     </span>
     <span class='ocr_line' id='line_1_9' title="bbox 117 751 1019 826; baseline -0.002 -17"><span class='ocrx_word' id='word_1_69' title='bbox 117 774 198 826; x_wconf 91' lang='lat' dir='ltr'>quam</span> <span class='ocrx_word' id='word_1_70' title='bbox 217 755 279 808; x_wconf 88' lang='lat' dir='ltr'>belli</span> <span class='ocrx_word' id='word_1_71' title='bbox 297 753 444 805; x_wconf 88' lang='lat' dir='ltr'>remedium</span> <span class='ocrx_word' id='word_1_72' title='bbox 462 768 597 820; x_wconf 81' lang='lat' dir='ltr'>quaerere.</span> <span class='ocrx_word' id='word_1_73' title='bbox 633 751 770 820; x_wconf 86' lang='lat' dir='ltr'>lugentem</span> <span class='ocrx_word' id='word_1_74' title='bbox 789 754 912 807; x_wconf 77' lang='lat' dir='ltr'>omuibus</span> <span class='ocrx_word' id='word_1_75' title='bbox 933 753 1019 807; x_wconf 80' lang='lat' dir='ltr'>incus·</span> 
     </span>
     <span class='ocr_line' id='line_1_10' title="bbox 117 821 1019 893; baseline -0.003 -15"><span class='ocrx_word' id='word_1_76' title='bbox 117 834 187 878; x_wconf 81' lang='lat' dir='ltr'>cerat</span> <span class='ocrx_word' id='word_1_77' title='bbox 199 841 290 877; x_wconf 89' lang='lat' dir='ltr'>curam</span> <span class='ocrx_word' id='word_1_78' title='bbox 303 833 356 874; x_wconf 87' lang='lat' dir='ltr'>tam</span> <span class='ocrx_word' id='word_1_79' title='bbox 370 838 498 890; x_wconf 88' lang='lat' dir='ltr'>praeceps</span> <span class='ocrx_word' id='word_1_80' title='bbox 510 822 645 874; x_wconf 70' lang='lat' dir='ltr'><strong>temeritas</strong></span> <span class='ocrx_word' id='word_1_81' title='bbox 656 821 722 889; x_wconf 83' lang='lat' dir='ltr'>ejus.</span> <span class='ocrx_word' id='word_1_82' title='bbox 759 823 827 890; x_wconf 84' lang='lat' dir='ltr'>Ergo</span> <span class='ocrx_word' id='word_1_83' title='bbox 845 839 890 893; x_wconf 91' lang='lat' dir='ltr'>pro</span> <span class='ocrx_word' id='word_1_84' title='bbox 908 839 937 875; x_wconf 81' lang='lat' dir='ltr'>ae</span> <span class='ocrx_word' id='word_1_85' title='bbox 949 823 1019 892; x_wconf 80' lang='lat' dir='ltr'>quie·</span> 
     </span>
     <span class='ocr_line' id='line_1_11' title="bbox 77 890 1018 964; baseline -0.003 -17"><span class='ocrx_word' id='word_1_86' title='bbox 77 906 81 918; x_wconf 74' lang='lat'>¹</span> <span class='ocrx_word' id='word_1_87' title='bbox 117 911 168 964; x_wconf 89' lang='lat' dir='ltr'>que</span> <span class='ocrx_word' id='word_1_88' title='bbox 179 894 280 963; x_wconf 84' lang='lat' dir='ltr'>precari</span> <span class='ocrx_word' id='word_1_89' title='bbox 298 893 429 960; x_wconf 68' lang='lat' dir='ltr'>coepere,⁶</span> <span class='ocrx_word' id='word_1_90' title='bbox 440 907 474 942; x_wconf 89' lang='lat' dir='ltr'>ne</span> <span class='ocrx_word' id='word_1_91' title='bbox 491 890 659 944; x_wconf 76' lang='lat' dir='ltr'>festinatione</span> <span class='ocrx_word' id='word_1_92' title='bbox 678 891 822 959; x_wconf 89' lang='lat' dir='ltr'>periculum</span> <span class='ocrx_word' id='word_1_93' title='bbox 840 901 957 960; x_wconf 84' lang='lat' dir='ltr'>augeret,</span> <span class='ocrx_word' id='word_1_94' title='bbox 969 891 1018 944; x_wconf 82' lang='lat' dir='ltr'>eod</span> 
     </span>
     <span class='ocr_line' id='line_1_12' title="bbox 117 958 1018 1030; baseline -0.001 -15"><span class='ocrx_word' id='word_1_95' title='bbox 117 972 188 1016; x_wconf 77' lang='lat' dir='ltr'>esset</span> <span class='ocrx_word' id='word_1_96' title='bbox 206 964 231 1014; x_wconf 90' lang='lat' dir='ltr'>in</span> <span class='ocrx_word' id='word_1_97' title='bbox 250 969 380 1030; x_wconf 77' lang='lat' dir='ltr'>potestate</span> <span class='ocrx_word' id='word_1_98' title='bbox 397 958 578 1012; x_wconf 88' lang='lat' dir='ltr'>medentium:</span> <span class='ocrx_word' id='word_1_99' title='bbox 602 961 739 1029; x_wconf 82' lang='lat' dir='ltr'>inexperta</span> <span class='ocrx_word' id='word_1_100' title='bbox 757 963 875 1014; x_wconf 90' lang='lat' dir='ltr'>remedia</span> <span class='ocrx_word' id='word_1_101' title='bbox 891 960 963 1015; x_wconf 92' lang='lat' dir='ltr'>haud</span> <span class='ocrx_word' id='word_1_102' title='bbox 980 962 1018 1014; x_wconf 89' lang='lat' dir='ltr'>iu·</span> 
     </span>
     <span class='ocr_line' id='line_1_13' title="bbox 119 1029 1020 1101; baseline -0.003 -16"><span class='ocrx_word' id='word_1_103' title='bbox 119 1031 184 1085; x_wconf 82' lang='lat' dir='ltr'>‘uria</span> <span class='ocrx_word' id='word_1_104' title='bbox 209 1033 270 1101; x_wconf 83' lang='lat' dir='ltr'>ipeia</span> <span class='ocrx_word' id='word_1_105' title='bbox 296 1048 355 1082; x_wconf 81' lang='lat' dir='ltr'>esse</span> <span class='ocrx_word' id='word_1_106' title='bbox 379 1037 509 1097; x_wconf 84' lang='lat' dir='ltr'>suspecta,</span> <span class='ocrx_word' id='word_1_107' title='bbox 527 1045 590 1084; x_wconf 87' lang='lat' dir='ltr'>cum</span> <span class='ocrx_word' id='word_1_108' title='bbox 607 1029 641 1082; x_wconf 89' lang='lat' dir='ltr'>ad</span> <span class='ocrx_word' id='word_1_109' title='bbox 661 1030 804 1098; x_wconf 89' lang='lat' dir='ltr'>perniciem</span> <span class='ocrx_word' id='word_1_110' title='bbox 822 1030 881 1101; x_wconf 83' lang='lat' dir='ltr'>ejus</span> <span class='ocrx_word' id='word_1_111' title='bbox 904 1031 986 1083; x_wconf 89' lang='lat' dir='ltr'>etiam</span> <span class='ocrx_word' id='word_1_112' title='bbox 1002 1047 1020 1082; x_wconf 91' lang='lat' dir='ltr'>a</span> 
     </span>
     <span class='ocr_line' id='line_1_14' title="bbox 125 1097 1020 1170; baseline 0.001 -18"><span class='ocrx_word' id='word_1_113' title='bbox 125 1110 198 1154; x_wconf 86' lang='lat' dir='ltr'>atera</span> <span class='ocrx_word' id='word_1_114' title='bbox 222 1099 314 1170; x_wconf 76' lang='lat' dir='ltr'>ipsius⁶</span> <span class='ocrx_word' id='word_1_115' title='bbox 337 1099 450 1169; x_wconf 91' lang='lat' dir='ltr'>pecunia</span> <span class='ocrx_word' id='word_1_116' title='bbox 473 1098 624 1150; x_wconf 80' lang='lat' dir='ltr'>sollicitaret</span> <span class='ocrx_word' id='word_1_117' title='bbox 652 1097 741 1152; x_wconf 83' lang='lat' dir='ltr'>hostie.</span> <span class='ocrx_word' id='word_1_118' title='bbox 785 1099 889 1170; x_wconf 80' lang='lat' dir='ltr'>Quippe</span> <span class='ocrx_word' id='word_1_119' title='bbox 918 1100 1020 1153; x_wconf 76' lang='lat' dir='ltr'>Dareus</span> 
     </span>
     <span class='ocr_line' id='line_1_15' title="bbox 117 1167 1018 1238; baseline 0 -16"><span class='ocrx_word' id='word_1_120' title='bbox 117 1169 193 1223; x_wconf 90' lang='lat' dir='ltr'>mille</span> <span class='ocrx_word' id='word_1_121' title='bbox 212 1170 312 1222; x_wconf 87' lang='lat' dir='ltr'>talenta</span> <span class='ocrx_word' id='word_1_122' title='bbox 330 1167 487 1221; x_wconf 83' lang='lat' dir='ltr'>interfectori</span> <span class='ocrx_word' id='word_1_123' title='bbox 507 1167 647 1220; x_wconf 83' lang='lat' dir='ltr'>Alexandri</span> <span class='ocrx_word' id='word_1_124' title='bbox 671 1168 793 1221; x_wconf 88' lang='lat' dir='ltr'>daturum</span> <span class='ocrx_word' id='word_1_125' title='bbox 811 1186 841 1222; x_wconf 86' lang='lat' dir='ltr'>ae</span> <span class='ocrx_word' id='word_1_126' title='bbox 859 1169 1018 1238; x_wconf 87' lang='lat' dir='ltr'>pronuntiari</span> 
     </span>
     <span class='ocr_line' id='line_1_16' title="bbox 120 1237 1018 1307; baseline 0 -15"><span class='ocrx_word' id='word_1_127' title='bbox 120 1240 236 1292; x_wconf 79' lang='lat' dir='ltr'>&#39;usserat</span> <span class='ocrx_word' id='word_1_128' title='bbox 272 1238 365 1307; x_wconf 91' lang='lat' dir='ltr'>ltaque</span> <span class='ocrx_word' id='word_1_129' title='bbox 388 1253 421 1289; x_wconf 87' lang='lat' dir='ltr'>ne</span> <span class='ocrx_word' id='word_1_130' title='bbox 444 1253 569 1289; x_wconf 78' lang='lat' dir='ltr'>ausurum</span> <span class='ocrx_word' id='word_1_131' title='bbox 592 1237 702 1306; x_wconf 89' lang='lat' dir='ltr'>quidem</span> <span class='ocrx_word' id='word_1_132' title='bbox 725 1254 887 1307; x_wconf 89' lang='lat' dir='ltr'>quemquam</span> <span class='ocrx_word' id='word_1_133' title='bbox 910 1238 1018 1292; x_wconf 89' lang='lat' dir='ltr'>arbitra·</span> 
     </span>
     <span class='ocr_line' id='line_1_17' title="bbox 115 1257 1019 1378; baseline 0 -16"><span class='ocrx_word' id='word_1_134' title='bbox 115 1257 212 1362; x_wconf 82' lang='lat' dir='ltr'>huntur</span> <span class='ocrx_word' id='word_1_135' title='bbox 234 1306 346 1376; x_wconf 78' lang='lat' dir='ltr'>experiri</span> <span class='ocrx_word' id='word_1_136' title='bbox 367 1306 522 1374; x_wconf 87' lang='lat' dir='ltr'>remedium,</span> <span class='ocrx_word' id='word_1_137' title='bbox 541 1309 610 1377; x_wconf 89' lang='lat' dir='ltr'>quod</span> <span class='ocrx_word' id='word_1_138' title='bbox 634 1317 739 1376; x_wconf 89' lang='lat' dir='ltr'>propter</span> <span class='ocrx_word' id='word_1_139' title='bbox 761 1310 907 1361; x_wconf 86' lang='lat' dir='ltr'>novitatem</span> <span class='ocrx_word' id='word_1_140' title='bbox 929 1315 1019 1378; x_wconf 76' lang='lat' dir='ltr'>poscet</span> 
     </span>
     <span class='ocr_line' id='line_1_18' title="bbox 116 1388 762 1446; baseline -0.012 -15"><span class='ocrx_word' id='word_1_141' title='bbox 116 1395 176 1431; x_wconf 84' lang='lat' dir='ltr'>ease</span> <span class='ocrx_word' id='word_1_142' title='bbox 188 1388 350 1446; x_wconf 80' lang='lat' dir='ltr'>suspectum.-</span> <span class='ocrx_word' id='word_1_143' title='bbox 760 1417 762 1423; x_wconf 93' lang='lat'><em>.</em></span> 
     </span>
    </p>

    <p class='ocr_par' dir='ltr' id='par_1_3' title="bbox 115 1442 1023 1794">
     <span class='ocr_line' id='line_1_19' title="bbox 153 1442 1023 1514; baseline 0.001 -15"><span class='ocrx_word' id='word_1_144' title='bbox 153 1452 190 1500; x_wconf 82' lang='lat'>14.</span> <span class='ocrx_word' id='word_1_145' title='bbox 211 1448 273 1500; x_wconf 85' lang='lat' dir='ltr'>Erat</span> <span class='ocrx_word' id='word_1_146' title='bbox 292 1447 359 1498; x_wconf 85' lang='lat' dir='ltr'>inter</span> <span class='ocrx_word' id='word_1_147' title='bbox 376 1444 479 1498; x_wconf 84' lang='lat' dir='ltr'>nobiles</span> <span class='ocrx_word' id='word_1_148' title='bbox 501 1444 619 1499; x_wconf 79' lang='lat' dir='ltr'>medicos</span> <span class='ocrx_word' id='word_1_149' title='bbox 642 1461 675 1498; x_wconf 86' lang='lat' dir='ltr'>ex</span> <span class='ocrx_word' id='word_1_150' title='bbox 693 1445 852 1499; x_wconf 89' lang='lat' dir='ltr'>Macedonia</span> <span class='ocrx_word' id='word_1_151' title='bbox 869 1461 959 1514; x_wconf 86' lang='lat' dir='ltr'>regem</span> <span class='ocrx_word' id='word_1_152' title='bbox 976 1442 1023 1500; x_wconf 70' lang='lat' dir='ltr'>ue·¹</span> 
     </span>
     <span class='ocr_line' id='line_1_20' title="bbox 115 1515 1016 1586; baseline -0.001 -16"><span class='ocrx_word' id='word_1_153' title='bbox 115 1526 193 1570; x_wconf 82' lang='lat' dir='ltr'>culae</span> <span class='ocrx_word' id='word_1_154' title='bbox 215 1515 359 1584; x_wconf 80' lang='lat' dir='ltr'>Philippus,</span> <span class='ocrx_word' id='word_1_155' title='bbox 385 1515 491 1567; x_wconf 88' lang='lat' dir='ltr'>natione</span> <span class='ocrx_word' id='word_1_156' title='bbox 515 1516 655 1583; x_wconf 80' lang='lat' dir='ltr'>Acarnan‚⁷</span> <span class='ocrx_word' id='word_1_157' title='bbox 678 1515 747 1568; x_wconf 84' lang='lat' dir='ltr'>fidus</span> <span class='ocrx_word' id='word_1_158' title='bbox 770 1515 915 1569; x_wconf 83' lang='lat' dir='ltr'><strong>admodum</strong></span> <span class='ocrx_word' id='word_1_159' title='bbox 944 1517 1016 1586; x_wconf 82' lang='lat' dir='ltr'>regi:</span> 
     </span>
     <span class='ocr_line' id='line_1_21' title="bbox 115 1582 1018 1656; baseline 0.002 -18"><span class='ocrx_word' id='word_1_160' title='bbox 115 1603 196 1656; x_wconf 89' lang='lat' dir='ltr'>puero</span> <span class='ocrx_word' id='word_1_161' title='bbox 208 1602 299 1638; x_wconf 85' lang='lat' dir='ltr'>comes</span> <span class='ocrx_word' id='word_1_162' title='bbox 310 1594 337 1637; x_wconf 90' lang='lat' dir='ltr'>et</span> <span class='ocrx_word' id='word_1_163' title='bbox 349 1593 438 1637; x_wconf 77' lang='lat' dir='ltr'>custos</span> <span class='ocrx_word' id='word_1_164' title='bbox 449 1582 540 1637; x_wconf 80' lang='lat' dir='ltr'>salutis</span> <span class='ocrx_word' id='word_1_165' title='bbox 551 1582 637 1652; x_wconf 83' lang='lat' dir='ltr'>datus,</span> <span class='ocrx_word' id='word_1_166' title='bbox 650 1601 702 1637; x_wconf 92' lang='lat' dir='ltr'>nou</span> <span class='ocrx_word' id='word_1_167' title='bbox 720 1594 749 1637; x_wconf 92' lang='lat' dir='ltr'>ut</span> <span class='ocrx_word' id='word_1_168' title='bbox 767 1602 856 1654; x_wconf 88' lang='lat' dir='ltr'>regem</span> <span class='ocrx_word' id='word_1_169' title='bbox 869 1584 956 1656; x_wconf 87' lang='lat' dir='ltr'>modo,</span> <span class='ocrx_word' id='word_1_170' title='bbox 970 1585 1018 1640; x_wconf 83' lang='lat' dir='ltr'>aed</span> 
     </span>
     <span class='ocr_line' id='line_1_22' title="bbox 116 1653 1018 1725; baseline 0.001 -17"><span class='ocrx_word' id='word_1_171' title='bbox 116 1656 197 1709; x_wconf 88' lang='lat' dir='ltr'>etiam</span> <span class='ocrx_word' id='word_1_172' title='bbox 214 1662 243 1707; x_wconf 92' lang='lat' dir='ltr'>ut</span> <span class='ocrx_word' id='word_1_173' title='bbox 261 1654 408 1722; x_wconf 87' lang='lat' dir='ltr'>alumnum,</span> <span class='ocrx_word' id='word_1_174' title='bbox 421 1653 520 1706; x_wconf 86' lang='lat' dir='ltr'>eximia</span> <span class='ocrx_word' id='word_1_175' title='bbox 531 1654 639 1706; x_wconf 89' lang='lat' dir='ltr'>caritate</span> <span class='ocrx_word' id='word_1_176' title='bbox 657 1654 793 1722; x_wconf 86' lang='lat' dir='ltr'>diligebat.</span> <span class='ocrx_word' id='word_1_177' title='bbox 830 1655 856 1707; x_wconf 86' lang='lat' dir='ltr'>ls</span> <span class='ocrx_word' id='word_1_178' title='bbox 872 1670 927 1708; x_wconf 89' lang='lat' dir='ltr'>non</span> <span class='ocrx_word' id='word_1_179' title='bbox 944 1671 1018 1725; x_wconf 86' lang='lat' dir='ltr'>prae·</span> 
     </span>
     <span class='ocr_line' id='line_1_23' title="bbox 115 1722 1019 1794; baseline 0 -16"><span class='ocrx_word' id='word_1_180' title='bbox 115 1742 179 1794; x_wconf 87' lang='lat' dir='ltr'>cepe</span> <span class='ocrx_word' id='word_1_181' title='bbox 201 1741 238 1793; x_wconf 84' lang='lat' dir='ltr'>ae,</span> <span class='ocrx_word' id='word_1_182' title='bbox 260 1722 308 1776; x_wconf 85' lang='lat' dir='ltr'>aed</span> <span class='ocrx_word' id='word_1_183' title='bbox 331 1731 467 1776; x_wconf 81' lang='lat' dir='ltr'>strenuum</span> <span class='ocrx_word' id='word_1_184' title='bbox 490 1722 638 1775; x_wconf 89' lang='lat' dir='ltr'>remedium</span> <span class='ocrx_word' id='word_1_185' title='bbox 661 1723 763 1793; x_wconf 86' lang='lat' dir='ltr'>afferre,</span> <span class='ocrx_word' id='word_1_186' title='bbox 784 1731 939 1794; x_wconf 75' lang='lat' dir='ltr'>tantamque</span> <span class='ocrx_word' id='word_1_187' title='bbox 962 1725 1019 1778; x_wconf 81' lang='lat' dir='ltr'>vim</span> 
     </span>
    </p>
   </div>
   <div class='ocr_carea' id='block_1_3' title="bbox 114 1791 1018 1862">
    <p class='ocr_par' dir='ltr' id='par_1_4' title="bbox 114 1791 1018 1862">
     <span class='ocr_line' id='line_1_24' title="bbox 114 1791 1018 1862; baseline 0 -15"><span class='ocrx_word' id='word_1_188' title='bbox 114 1795 199 1847; x_wconf 90' lang='lat' dir='ltr'>morbi</span> <span class='ocrx_word' id='word_1_189' title='bbox 223 1793 328 1862; x_wconf 91' lang='lat' dir='ltr'>potione</span> <span class='ocrx_word' id='word_1_190' title='bbox 352 1791 495 1844; x_wconf 78' lang='lat' dir='ltr'>medicata⁸</span> <span class='ocrx_word' id='word_1_191' title='bbox 519 1792 668 1845; x_wconf 78' lang='lat' dir='ltr'>levaturum</span> <span class='ocrx_word' id='word_1_192' title='bbox 692 1809 751 1846; x_wconf 83' lang='lat' dir='ltr'>esee</span> <span class='ocrx_word' id='word_1_193' title='bbox 774 1794 900 1862; x_wconf 88' lang='lat' dir='ltr'>promisit.</span> <span class='ocrx_word' id='word_1_194' title='bbox 943 1793 1018 1847; x_wconf 80' lang='lat' dir='ltr'>Nulli</span> 
     </span>
    </p>
   </div>
   <div class='ocr_carea' id='block_1_4' title="bbox 114 1859 1019 2347">
    <p class='ocr_par' dir='ltr' id='par_1_5' title="bbox 114 1859 1019 2347">
     <span class='ocr_line' id='line_1_25' title="bbox 133 1859 1018 1932; baseline -0.001 -16"><span class='ocrx_word' id='word_1_195' title='bbox 133 1864 273 1916; x_wconf 73' lang='lat' dir='ltr'>torniacum</span> <span class='ocrx_word' id='word_1_196' title='bbox 285 1861 344 1931; x_wconf 86' lang='lat' dir='ltr'>ejus</span> <span class='ocrx_word' id='word_1_197' title='bbox 359 1859 482 1929; x_wconf 76' lang='lat' dir='ltr'>placebat</span> <span class='ocrx_word' id='word_1_198' title='bbox 502 1870 605 1931; x_wconf 89' lang='lat' dir='ltr'>praeter</span> <span class='ocrx_word' id='word_1_199' title='bbox 622 1862 718 1930; x_wconf 86' lang='lat' dir='ltr'>ipsum,</span> <span class='ocrx_word' id='word_1_200' title='bbox 731 1861 809 1932; x_wconf 84' lang='lat' dir='ltr'>cujus</span> <span class='ocrx_word' id='word_1_201' title='bbox 828 1862 945 1931; x_wconf 86' lang='lat' dir='ltr'>periculo</span> <span class='ocrx_word' id='word_1_202' title='bbox 962 1862 1018 1932; x_wconf 93' lang='lat' dir='ltr'>pol·</span> 
     </span>
     <span class='ocr_line' id='line_1_26' title="bbox 115 1879 1018 2002; baseline 0.001 -18"><span class='ocrx_word' id='word_1_203' title='bbox 115 1879 262 1986; x_wconf 69' lang='lat' dir='ltr'>hcebatur.⁹</span> <span class='ocrx_word' id='word_1_204' title='bbox 301 1931 396 1984; x_wconf 89' lang='lat' dir='ltr'>Omnia</span> <span class='ocrx_word' id='word_1_205' title='bbox 418 1930 515 2000; x_wconf 88' lang='lat' dir='ltr'>quippe</span> <span class='ocrx_word' id='word_1_206' title='bbox 538 1929 653 1999; x_wconf 84' lang='lat' dir='ltr'>facilius,</span> <span class='ocrx_word' id='word_1_207' title='bbox 677 1948 757 2000; x_wconf 89' lang='lat' dir='ltr'>quam</span> <span class='ocrx_word' id='word_1_208' title='bbox 781 1947 891 1999; x_wconf 84' lang='lat' dir='ltr'>moram,</span> <span class='ocrx_word' id='word_1_209' title='bbox 915 1931 1018 2002; x_wconf 89' lang='lat' dir='ltr'>perpeti</span> 
     </span>
     <span class='ocr_line' id='line_1_27' title="bbox 114 1999 1019 2072; baseline 0.001 -18"><span class='ocrx_word' id='word_1_210' title='bbox 114 2011 230 2072; x_wconf 85' lang='lat' dir='ltr'>poterat:</span> <span class='ocrx_word' id='word_1_211' title='bbox 255 2017 328 2053; x_wconf 87' lang='lat' dir='ltr'>arma</span> <span class='ocrx_word' id='word_1_212' title='bbox 352 2011 378 2051; x_wconf 87' lang='lat' dir='ltr'>et</span> <span class='ocrx_word' id='word_1_213' title='bbox 398 2003 471 2052; x_wconf 82' lang='lat' dir='ltr'>acies</span> <span class='ocrx_word' id='word_1_214' title='bbox 490 2001 515 2052; x_wconf 91' lang='lat' dir='ltr'>in</span> <span class='ocrx_word' id='word_1_215' title='bbox 535 1999 619 2051; x_wconf 83' lang='lat' dir='ltr'>oculis</span> <span class='ocrx_word' id='word_1_216' title='bbox 638 2009 719 2069; x_wconf 87' lang='lat' dir='ltr'>erant,</span> <span class='ocrx_word' id='word_1_217' title='bbox 738 2009 765 2053; x_wconf 93' lang='lat' dir='ltr'>et</span> <span class='ocrx_word' id='word_1_218' title='bbox 784 2001 920 2054; x_wconf 86' lang='lat' dir='ltr'>victoriam</span> <span class='ocrx_word' id='word_1_219' title='bbox 941 2002 967 2054; x_wconf 92' lang='lat' dir='ltr'>in</span> <span class='ocrx_word' id='word_1_220' title='bbox 986 2017 1019 2055; x_wconf 87' lang='lat' dir='ltr'>ec</span> 
     </span>
     <span class='ocr_line' id='line_1_28' title="bbox 114 2068 1018 2141; baseline -0.002 -17"><span class='ocrx_word' id='word_1_221' title='bbox 114 2072 225 2140; x_wconf 87' lang='lat' dir='ltr'>positam</span> <span class='ocrx_word' id='word_1_222' title='bbox 249 2086 308 2122; x_wconf 82' lang='lat' dir='ltr'>ease</span> <span class='ocrx_word' id='word_1_223' title='bbox 331 2068 512 2138; x_wconf 84' lang='lat' dir='ltr'>arbitrabatur,</span> <span class='ocrx_word' id='word_1_224' title='bbox 535 2069 556 2120; x_wconf 86' lang='lat' dir='ltr'>ei</span> <span class='ocrx_word' id='word_1_225' title='bbox 580 2078 682 2122; x_wconf 88' lang='lat' dir='ltr'>tantum</span> <span class='ocrx_word' id='word_1_226' title='bbox 705 2080 767 2122; x_wconf 90' lang='lat' dir='ltr'>ante</span> <span class='ocrx_word' id='word_1_227' title='bbox 791 2068 866 2137; x_wconf 81' lang='lat' dir='ltr'>signa</span> <span class='ocrx_word' id='word_1_228' title='bbox 884 2080 953 2123; x_wconf 81' lang='lat' dir='ltr'>stare</span> <span class='ocrx_word' id='word_1_229' title='bbox 973 2086 1018 2141; x_wconf 90' lang='lat' dir='ltr'>po·</span> 
     </span>
     <span class='ocr_line' id='line_1_29' title="bbox 114 2138 1018 2208; baseline 0.002 -16"><span class='ocrx_word' id='word_1_230' title='bbox 114 2141 214 2208; x_wconf 70' lang='lat' dir='ltr'>tuimet,</span> <span class='ocrx_word' id='word_1_231' title='bbox 236 2140 261 2192; x_wconf 91' lang='lat' dir='ltr'>id</span> <span class='ocrx_word' id='word_1_232' title='bbox 284 2140 379 2208; x_wconf 80' lang='lat' dir='ltr'>ipsum,</span> <span class='ocrx_word' id='word_1_233' title='bbox 400 2138 470 2207; x_wconf 89' lang='lat' dir='ltr'>quod</span> <span class='ocrx_word' id='word_1_234' title='bbox 493 2148 551 2208; x_wconf 76' lang='lat' dir='ltr'>poet</span> <span class='ocrx_word' id='word_1_235' title='bbox 574 2138 646 2191; x_wconf 90' lang='lat' dir='ltr'>diem</span> <span class='ocrx_word' id='word_1_236' title='bbox 665 2140 771 2192; x_wconf 88' lang='lat' dir='ltr'>tertium</span> <span class='ocrx_word' id='word_1_237' title='bbox 792 2139 1018 2194; x_wconf 75' lang='lat' dir='ltr'>melioramentum</span> 
     </span>
     <span class='ocr_line' id='line_1_30' title="bbox 114 2207 1016 2280; baseline 0.002 -20"><span class='ocrx_word' id='word_1_238' title='bbox 114 2223 266 2278; x_wconf 83' lang='lat' dir='ltr'>sumpturus</span> <span class='ocrx_word' id='word_1_239' title='bbox 277 2218 346 2261; x_wconf 80' lang='lat' dir='ltr'>esset</span> <span class='ocrx_word' id='word_1_240' title='bbox 359 2208 407 2278; x_wconf 80' lang='lat' dir='ltr'>(ita</span> <span class='ocrx_word' id='word_1_241' title='bbox 420 2208 491 2260; x_wconf 88' lang='lat' dir='ltr'>enim</span> <span class='ocrx_word' id='word_1_242' title='bbox 503 2207 623 2261; x_wconf 79' lang='lat' dir='ltr'>medicus</span> <span class='ocrx_word' id='word_1_243' title='bbox 635 2208 811 2280; x_wconf 79' lang='lat' dir='ltr'>praedixerat)</span> <span class='ocrx_word' id='word_1_244' title='bbox 822 2225 901 2277; x_wconf 84' lang='lat' dir='ltr'>aegre</span> <span class='ocrx_word' id='word_1_245' title='bbox 920 2208 1016 2262; x_wconf 69' lang='lat' dir='ltr'>fereae.</span> 
     </span>
     <span class='ocr_line' id='line_1_31' title="bbox 114 2276 1018 2347; baseline 0.002 -17"><span class='ocrx_word' id='word_1_246' title='bbox 114 2277 184 2330; x_wconf 93' lang='lat' dir='ltr'>Inter</span> <span class='ocrx_word' id='word_1_247' title='bbox 206 2278 274 2330; x_wconf 88' lang='lat' dir='ltr'>haec</span> <span class='ocrx_word' id='word_1_248' title='bbox 291 2295 307 2329; x_wconf 92' lang='lat' dir='ltr'>a</span> <span class='ocrx_word' id='word_1_249' title='bbox 325 2278 507 2345; x_wconf 87' lang='lat' dir='ltr'>Parmenione,</span> <span class='ocrx_word' id='word_1_250' title='bbox 529 2276 657 2330; x_wconf 79' lang='lat' dir='ltr'>fidissimo</span> <span class='ocrx_word' id='word_1_251' title='bbox 681 2280 900 2347; x_wconf 87' lang='lat' dir='ltr'>purpuratorum¹⁰</span> <span class='ocrx_word' id='word_1_252' title='bbox 916 2277 1018 2332; x_wconf 76' lang='lat' dir='ltr'>litterae</span> 
     </span>
    </p>
   </div>
   <div class='ocr_carea' id='block_1_5' title="bbox 72 2388 1018 3504">
    <p class='ocr_par' dir='ltr' id='par_1_6' title="bbox 112 2388 1016 2680">
     <span class='ocr_line' id='line_1_32' title="bbox 143 2388 1014 2460; baseline 0.006 -25"><span class='ocrx_word' id='word_1_253' title='bbox 143 2394 149 2417; x_wconf 89' lang='lat'><em>¹</em></span> <span class='ocrx_word' id='word_1_254' title='bbox 162 2389 186 2457; x_wconf 66' lang='lat' dir='ltr'>‘J</span> <span class='ocrx_word' id='word_1_255' title='bbox 198 2389 267 2436; x_wconf 83' lang='lat' dir='ltr'>think</span> <span class='ocrx_word' id='word_1_256' title='bbox 278 2389 290 2436; x_wconf 90' lang='lat'>1</span> <span class='ocrx_word' id='word_1_257' title='bbox 301 2390 384 2456; x_wconf 82' lang='lat' dir='ltr'>hear.&#39;¹</span> <span class='ocrx_word' id='word_1_258' title='bbox 408 2388 531 2437; x_wconf 78' lang='lat' dir='ltr'>Eooodire</span> <span class='ocrx_word' id='word_1_259' title='bbox 542 2391 684 2458; x_wconf 25' lang='lat' dir='ltr'>ienstropger</span> <span class='ocrx_word' id='word_1_260' title='bbox 693 2391 752 2438; x_wconf 88' lang='lat' dir='ltr'>than</span> <span class='ocrx_word' id='word_1_261' title='bbox 763 2391 804 2438; x_wconf 91' lang='lat' dir='ltr'>the</span> <span class='ocrx_word' id='word_1_262' title='bbox 820 2391 907 2460; x_wconf 77' lang='lat' dir='ltr'>simple</span> <span class='ocrx_word' id='word_1_263' title='bbox 922 2394 1014 2450; x_wconf 74' lang='lat' dir='ltr'>andire,</span> 
     </span>
     <span class='ocr_line' id='line_1_33' title="bbox 113 2447 1016 2516; baseline 0.003 -19"><span class='ocrx_word' id='word_1_264' title='bbox 113 2447 160 2497; x_wconf 89' lang='lat' dir='ltr'>and</span> <span class='ocrx_word' id='word_1_265' title='bbox 171 2464 191 2516; x_wconf 78' lang='lat' dir='ltr'>re</span> <span class='ocrx_word' id='word_1_266' title='bbox 202 2448 311 2515; x_wconf 77' lang='lat' dir='ltr'>properly</span> <span class='ocrx_word' id='word_1_267' title='bbox 322 2447 417 2506; x_wconf 81' lang='lat' dir='ltr'>applied</span> <span class='ocrx_word' id='word_1_268' title='bbox 427 2458 452 2495; x_wconf 92' lang='lat' dir='ltr'>to</span> <span class='ocrx_word' id='word_1_269' title='bbox 464 2448 514 2495; x_wconf 86' lang='lat' dir='ltr'>that</span> <span class='ocrx_word' id='word_1_270' title='bbox 526 2449 605 2496; x_wconf 86' lang='lat' dir='ltr'>whrch</span> <span class='ocrx_word' id='word_1_271' title='bbox 622 2465 642 2496; x_wconf 83' lang='lat' dir='ltr'>re</span> <span class='ocrx_word' id='word_1_272' title='bbox 659 2450 731 2498; x_wconf 87' lang='lat' dir='ltr'>heard</span> <span class='ocrx_word' id='word_1_273' title='bbox 747 2449 807 2497; x_wconf 82' lang='lat' dir='ltr'>from</span> <span class='ocrx_word' id='word_1_274' title='bbox 818 2450 959 2508; x_wconf 67' lang='lat' dir='ltr'>adratauca</span> <span class='ocrx_word' id='word_1_275' title='bbox 972 2451 1016 2500; x_wconf 91' lang='lat' dir='ltr'>but</span> 
     </span>
     <span class='ocr_line' id='line_1_34' title="bbox 113 2506 1016 2619; baseline 0.007 -6"><span class='ocrx_word' id='word_1_276' title='bbox 113 2506 321 2614; x_wconf 53' lang='lat' dir='ltr'>yelllldtdhhliiin</span> <span class='ocrx_word' id='word_1_277' title='bbox 332 2564 373 2612; x_wconf 84' lang='lat' dir='ltr'>the</span> <span class='ocrx_word' id='word_1_278' title='bbox 383 2574 588 2612; x_wconf 85' lang='lat' dir='ltr'>commencement</span> <span class='ocrx_word' id='word_1_279' title='bbox 598 2565 627 2612; x_wconf 87' lang='lat' dir='ltr'>os</span> <span class='ocrx_word' id='word_1_280' title='bbox 634 2565 674 2612; x_wconf 90' lang='lat' dir='ltr'>the</span> <span class='ocrx_word' id='word_1_281' title='bbox 683 2580 741 2614; x_wconf 83' lang='lat' dir='ltr'>war.</span> <span class='ocrx_word' id='word_1_282' title='bbox 769 2565 869 2615; x_wconf 77' lang='lat' dir='ltr'>Curtius</span> <span class='ocrx_word' id='word_1_283' title='bbox 878 2577 944 2617; x_wconf 75' lang='lat' dir='ltr'>must</span> <span class='ocrx_word' id='word_1_284' title='bbox 954 2568 1016 2619; x_wconf 82' lang='lat' dir='ltr'>hare</span> 
     </span>
     <span class='ocr_line' id='line_1_35' title="bbox 112 2623 949 2680; baseline -0.001 -7"><span class='ocrx_word' id='word_1_285' title='bbox 112 2625 204 2673; x_wconf 89' lang='lat' dir='ltr'>related</span> <span class='ocrx_word' id='word_1_286' title='bbox 215 2625 263 2672; x_wconf 83' lang='lat' dir='ltr'>thie</span> <span class='ocrx_word' id='word_1_287' title='bbox 275 2625 298 2672; x_wconf 93' lang='lat' dir='ltr'>in</span> <span class='ocrx_word' id='word_1_288' title='bbox 309 2624 350 2671; x_wconf 90' lang='lat' dir='ltr'>the</span> <span class='ocrx_word' id='word_1_289' title='bbox 363 2624 456 2672; x_wconf 86' lang='lat' dir='ltr'>Second</span> <span class='ocrx_word' id='word_1_290' title='bbox 467 2623 546 2680; x_wconf 85' lang='lat' dir='ltr'>Book,</span> <span class='ocrx_word' id='word_1_291' title='bbox 560 2624 640 2672; x_wconf 87' lang='lat' dir='ltr'>which</span> <span class='ocrx_word' id='word_1_292' title='bbox 651 2624 672 2672; x_wconf 85' lang='lat' dir='ltr'>ie</span> <span class='ocrx_word' id='word_1_293' title='bbox 682 2625 736 2672; x_wconf 87' lang='lat' dir='ltr'>lost.</span> <span class='ocrx_word' id='word_1_294' title='bbox 945 2633 949 2637; x_wconf 89' lang='grc'><strong><em>’</em></strong></span> 
     </span>
    </p>

    <p class='ocr_par' dir='ltr' id='par_1_7' title="bbox 72 2682 1018 2990">
     <span class='ocr_line' id='line_1_36' title="bbox 141 2682 1018 2789; baseline 0.008 -59"><span class='ocrx_word' id='word_1_295' title='bbox 141 2683 206 2752; x_wconf 76' lang='lat' dir='ltr'>&#39;‘lle</span> <span class='ocrx_word' id='word_1_296' title='bbox 218 2683 264 2731; x_wconf 88' lang='lat' dir='ltr'>had</span> <span class='ocrx_word' id='word_1_297' title='bbox 276 2699 316 2742; x_wconf 89' lang='lat' dir='ltr'>my</span> <span class='ocrx_word' id='word_1_298' title='bbox 328 2683 375 2731; x_wconf 89' lang='lat' dir='ltr'>bad</span> <span class='ocrx_word' id='word_1_299' title='bbox 386 2682 442 2730; x_wconf 88' lang='lat' dir='ltr'>luok</span> <span class='ocrx_word' id='word_1_300' title='bbox 453 2699 541 2789; x_wconf 58' lang='lat' dir='ltr'>arnonfi</span> <span class='ocrx_word' id='word_1_301' title='bbox 556 2683 594 2732; x_wconf 84' lang='lat' dir='ltr'>hia</span> <span class='ocrx_word' id='word_1_302' title='bbox 610 2683 770 2752; x_wconf 79' lang='lat' dir='ltr'>coancillpre.&#39;</span> <span class='ocrx_word' id='word_1_303' title='bbox 802 2684 943 2757; x_wconf 68' lang='lat' dir='ltr'>Alexander</span> <span class='ocrx_word' id='word_1_304' title='bbox 957 2703 1018 2764; x_wconf 68' lang='grc' dir='ltr'>ιιγιΙ</span> 
     </span>
     <span class='ocr_line' id='line_1_37' title="bbox 113 2741 1017 2854; baseline 0.008 -64"><span class='ocrx_word' id='word_1_305' title='bbox 113 2743 165 2811; x_wconf 86' lang='lat' dir='ltr'>that</span> <span class='ocrx_word' id='word_1_306' title='bbox 172 2752 224 2803; x_wconf 80' lang='lat' dir='ltr'>Just</span> <span class='ocrx_word' id='word_1_307' title='bbox 235 2759 262 2791; x_wconf 88' lang='lat' dir='ltr'>ae</span> <span class='ocrx_word' id='word_1_308' title='bbox 273 2758 286 2790; x_wconf 92' lang='lat' dir='ltr'>a</span> <span class='ocrx_word' id='word_1_309' title='bbox 297 2741 394 2810; x_wconf 79' lang='lat' dir='ltr'>general</span> <span class='ocrx_word' id='word_1_310' title='bbox 410 2742 469 2789; x_wconf 84' lang='lat' dir='ltr'>calls</span> <span class='ocrx_word' id='word_1_311' title='bbox 485 2753 510 2790; x_wconf 84' lang='lat' dir='ltr'>to</span> <span class='ocrx_word' id='word_1_312' title='bbox 541 2743 563 2810; x_wconf 78' lang='lat' dir='ltr'>le</span> <span class='ocrx_word' id='word_1_313' title='bbox 579 2743 678 2812; x_wconf 86' lang='lat' dir='ltr'>councrl¹</span> <span class='ocrx_word' id='word_1_314' title='bbox 688 2742 784 2792; x_wconf 86' lang='lat' dir='ltr'>fanhlul</span> <span class='ocrx_word' id='word_1_315' title='bbox 801 2743 1017 2854; x_wconf 61' lang='lat' dir='ltr'>andexpeneuccd</span> 
     </span>
     <span class='ocr_line' id='line_1_38' title="bbox 112 2800 1017 2928; baseline 0.004 -20"><span class='ocrx_word' id='word_1_316' title='bbox 112 2800 882 2928; x_wconf 62' lang='lat' dir='ltr'>lulla{tltlhtlttltltlltulttltillt¹⁸¹¹⁶⁰‘‘¹</span> <span class='ocrx_word' id='word_1_317' title='bbox 906 2805 1017 2866; x_wconf 45' lang='lat'>“¹⁰⁰³</span> 
     </span>
     <span class='ocr_line' id='line_1_39' title="bbox 72 2918 555 2990; baseline -0.002 -24"><span class='ocrx_word' id='word_1_318' title='bbox 72 2974 75 2979; x_wconf 26' lang='grc' dir='ltr'>Ι</span> <span class='ocrx_word' id='word_1_319' title='bbox 116 2982 120 2987; x_wconf 92' lang='lat'>.</span> <span class='ocrx_word' id='word_1_320' title='bbox 140 2919 212 2967; x_wconf 84' lang='lat' dir='ltr'>“To</span> <span class='ocrx_word' id='word_1_321' title='bbox 223 2919 284 2990; x_wconf 77' lang='lat' dir='ltr'>have</span> <span class='ocrx_word' id='word_1_322' title='bbox 296 2918 397 2966; x_wconf 82' lang='lat' dir='ltr'>medical</span> <span class='ocrx_word' id='word_1_323' title='bbox 409 2920 555 2966; x_wconf 87' lang='lat' dir='ltr'>treatment.&#39;</span> 
     </span>
    </p>

    <p class='ocr_par' dir='ltr' id='par_1_8' title="bbox 138 2977 680 3085">
     <span class='ocr_line' id='line_1_40' title="bbox 138 2977 680 3085; baseline -0.002 0"><span class='ocrx_word' id='word_1_324' title='bbox 138 2977 680 3085; x_wconf 54' lang='lat' dir='ltr'>litut{ltltttllttthttltls‘·</span> 
     </span>
    </p>

    <p class='ocr_par' dir='ltr' id='par_1_9' title="bbox 110 3052 1016 3323">
     <span class='ocr_line' id='line_1_41' title="bbox 139 3052 1012 3169; baseline 0.009 -26"><span class='ocrx_word' id='word_1_325' title='bbox 139 3096 179 3143; x_wconf 75' lang='lat' dir='ltr'>&#39;A</span> <span class='ocrx_word' id='word_1_326' title='bbox 188 3052 267 3144; x_wconf 76' lang='lat' dir='ltr'>native</span> <span class='ocrx_word' id='word_1_327' title='bbox 276 3095 305 3143; x_wconf 86' lang='lat' dir='ltr'>ol</span> <span class='ocrx_word' id='word_1_328' title='bbox 312 3095 455 3164; x_wconf 74' lang='lat' dir='ltr'>Acarnania.</span> <span class='ocrx_word' id='word_1_329' title='bbox 467 3095 508 3143; x_wconf 87' lang='lat' dir='ltr'>tha</span> <span class='ocrx_word' id='word_1_330' title='bbox 517 3107 580 3144; x_wconf 88' lang='lat' dir='ltr'>mot</span> <span class='ocrx_word' id='word_1_331' title='bbox 589 3074 812 3164; x_wconf 73' lang='lat' dir='ltr'>wecterlydiviaion</span> <span class='ocrx_word' id='word_1_332' title='bbox 823 3098 852 3147; x_wconf 81' lang='lat' dir='ltr'>ol</span> <span class='ocrx_word' id='word_1_333' title='bbox 859 3098 961 3169; x_wconf 73' lang='lat' dir='ltr'>Graece,</span> <span class='ocrx_word' id='word_1_334' title='bbox 970 3102 1012 3151; x_wconf 70' lang='lat' dir='ltr'>be·</span> 
     </span>
     <span class='ocr_line' id='line_1_42' title="bbox 110 3155 1016 3228; baseline 0.007 -26"><span class='ocrx_word' id='word_1_335' title='bbox 110 3164 191 3202; x_wconf 77' lang='lat' dir='ltr'>tween</span> <span class='ocrx_word' id='word_1_336' title='bbox 212 3155 252 3202; x_wconf 91' lang='lat' dir='ltr'>the</span> <span class='ocrx_word' id='word_1_337' title='bbox 271 3155 419 3203; x_wconf 79' lang='lat' dir='ltr'>Ambraciae</span> <span class='ocrx_word' id='word_1_338' title='bbox 439 3155 501 3203; x_wconf 86' lang='lat' dir='ltr'>Gall</span> <span class='ocrx_word' id='word_1_339' title='bbox 518 3155 565 3203; x_wconf 90' lang='lat' dir='ltr'>and</span> <span class='ocrx_word' id='word_1_340' title='bbox 586 3155 626 3224; x_wconf 81' lang='lat' dir='ltr'>the</span> <span class='ocrx_word' id='word_1_341' title='bbox 645 3171 708 3225; x_wconf 73' lang='lat' dir='ltr'>river</span> <span class='ocrx_word' id='word_1_342' title='bbox 727 3157 861 3206; x_wconf 82' lang='lat' dir='ltr'>Achelous.</span> <span class='ocrx_word' id='word_1_343' title='bbox 893 3159 1016 3228; x_wconf 72' lang='lat' dir='ltr'>l’nncipal</span> 
     </span>
     <span class='ocr_line' id='line_1_43' title="bbox 110 3213 1015 3323; baseline 0.003 -2"><span class='ocrx_word' id='word_1_344' title='bbox 110 3213 1015 3323; x_wconf 54' lang='lat' dir='ltr'>¹⁰55?littttl‘llttlt‘lll’llllllll‘lhllt‘&#39;llll‘’‘m</span> 
     </span>
    </p>

    <p class='ocr_par' dir='ltr' id='par_1_10' title="bbox 138 3289 981 3395">
     <span class='ocr_line' id='line_1_44' title="bbox 138 3289 981 3395; baseline 0.008 -16"><span class='ocrx_word' id='word_1_345' title='bbox 138 3334 166 3373; x_wconf 74' lang='lat'>⁸!</span> <span class='ocrx_word' id='word_1_346' title='bbox 174 3332 209 3379; x_wconf 81' lang='lat' dir='ltr'>At</span> <span class='ocrx_word' id='word_1_347' title='bbox 220 3330 303 3380; x_wconf 68' lang='lat' dir='ltr'>whose</span> <span class='ocrx_word' id='word_1_348' title='bbox 313 3290 440 3380; x_wconf 78' lang='lat' dir='ltr'>hazardha</span> <span class='ocrx_word' id='word_1_349' title='bbox 450 3308 499 3388; x_wconf 70' lang='lat' dir='ltr'>itha</span> <span class='ocrx_word' id='word_1_350' title='bbox 510 3289 642 3392; x_wconf 72' lang='lat' dir='ltr'>physiciau)</span> <span class='ocrx_word' id='word_1_351' title='bbox 653 3332 722 3382; x_wconf 80' lang='lat' dir='ltr'>made</span> <span class='ocrx_word' id='word_1_352' title='bbox 732 3333 759 3382; x_wconf 83' lang='lat' dir='ltr'>it&#39;</span> <span class='ocrx_word' id='word_1_353' title='bbox 772 3311 822 3390; x_wconf 70' lang='lat' dir='ltr'>(ihc</span> <span class='ocrx_word' id='word_1_354' title='bbox 831 3335 954 3395; x_wconf 74' lang='lat' dir='ltr'>punirer.</span> <span class='ocrx_word' id='word_1_355' title='bbox 976 3344 981 3352; x_wconf 62' lang='lat'><em>¹</em></span> 
     </span>
    </p>

    <p class='ocr_par' dir='ltr' id='par_1_11' title="bbox 138 3389 754 3459">
     <span class='ocr_line' id='line_1_45' title="bbox 138 3389 754 3459; baseline 0 -20"><span class='ocrx_word' id='word_1_356' title='bbox 138 3389 292 3450; x_wconf 67' lang='lat' dir='ltr'>“aecum</span> <span class='ocrx_word' id='word_1_357' title='bbox 304 3406 327 3440; x_wconf 83' lang='lat' dir='ltr'>v.</span> <span class='ocrx_word' id='word_1_358' title='bbox 338 3399 394 3440; x_wconf 89' lang='lat' dir='ltr'>note</span> <span class='ocrx_word' id='word_1_359' title='bbox 406 3392 426 3440; x_wconf 93' lang='lat'>1.</span> <span class='ocrx_word' id='word_1_360' title='bbox 752 3454 754 3459; x_wconf 25' lang='grc' dir='ltr'>Ι</span> 
     </span>
    </p>

    <p class='ocr_par' dir='ltr' id='par_1_12' title="bbox 552 3466 568 3504">
     <span class='ocr_line' id='line_1_46' title="bbox 552 3466 568 3504; baseline 0 0"><span class='ocrx_word' id='word_1_361' title='bbox 552 3466 568 3504; x_wconf 83' lang='grc' dir='ltr'>Ι</span> 
     </span>
    </p>
   </div>
   <div class='ocr_carea' id='block_1_6' title="bbox 0 0 1142 3772">
    <p class='ocr_par' dir='ltr' id='par_1_13' title="bbox 0 0 1142 3772">
     <span class='ocr_line' id='line_1_47' title="bbox 0 0 1142 3772; baseline 0 1"><span class='ocrx_word' id='word_1_362' title='bbox 0 0 1142 3772; x_wconf 95' lang='lat' dir='ltr'> </span> 
     </span>
    </p>
   </div>
  </div>
 </body>
</html>
