2274 3772
124 210 184 265 282
388 222 428 264 oa
450 222 558 264 oasrrs
579 223 763 264 saaxsnnm.

125 333 253 405 perferret
268 330 303 384 ad
319 348 390 400 eum,
407 331 542 401 Credime,
560 333 651 411 inquit,
667 332 783 384 adventu
799 331 894 400 magis
912 332 1042 401 hostiumn

126 413 155 456 ut
164 404 221 474 jam
232 403 259 454 in
270 400 339 454 vallo
356 402 537 470 consisterent,
550 401 675 454 sollicitos
691 417 759 469 esse,
771 418 853 470 quam
865 418 939 455 curs
951 402 1045 456 salutis

127 483 195 540 tuae,
209 480 237 524 ut
255 487 326 523 nunc
342 485 391 540 est,
404 470 451 524 tibi
464 470 554 524 rilisl¹
588 469 758 529 Quantalibet
771 471 814 523 ris
830 471 963 526 omnium
980 488 1044 541 gen·

126 542 192 595 tium
209 541 342 609 conspiret
359 541 386 593 in
404 540 471 609 ιιος,2
482 541 593 609 impleat
604 541 686 592 ermis
697 539 814 609 virisque
827 550 920 594 totum
938 541 1043 609 orbem,

125 610 256 664 classibus
272 610 355 662 moria
373 618 531 681 consternat,
544 608 683 662 inusitatas
695 608 788 662 beluas
798 609 932 664 inducet:
953 619 986 664 tu
997 626 1044 664 nos

125 679 272 750 praestabis
301 678 431 732 invictos.³
465 678 516 731 Sed
545 679 605 748 quis
633 677 744 730 deorum
773 677 826 730 hoc
854 679 1044 733 Macedoniae

124 749 247 802 columen
263 764 297 800 ac
314 747 389 801 sidus
406 748 559 801 diuturnum
578 745 633 800 fore
651 746 768 816 polliceri
787 756 885 817 potest,
900 765 972 803 cum
989 759 1045 803 tam

124 817 204 872 aride
221 815 371 872 manifestis
388 818 510 887 periculis
527 816 624 869 offeras
640 832 743 886 corpus,
761 815 860 870 oblitus
877 826 922 871 tot
941 817 1044 872 civium

123 889 229 940 snimas
246 885 350 940 trahere
368 895 395 940 te
407 888 433 940 in
445 886 569 940 casuml⁴
603 886 670 944 Quis
687 886 759 939 euim
776 886 825 939 tibi
839 898 989 966 superstes
999 895 1045 941 ant

124 966 197 1026 optat
219 972 287 1025 esse,
306 965 353 1009 aut
375 957 481 1025 potest?
517 957 556 1010 uo
579 955 757 1026 pervenimus,
778 956 940 1024 auspicium
963 966 1045 1027 atque

125 1026 268 1096 imperium
286 1026 369 1078 secuti
389 1035 471 1095 tuum,
485 1025 556 1078 unde
574 1024 625 1078 nisi
637 1032 663 1077 ta
675 1024 783 1077 reduce⁵
794 1024 863 1078 nulli
873 1025 916 1079 ed
930 1036 1046 1097 penates

125 1112 187 1149 suos
198 1096 248 1148 iter
260 1103 309 1147 est.
344 1093 455 1153 Quodsi·
471 1093 560 1147 adhuc
578 1093 613 1147 ds
631 1093 749 1147 Persidis
767 1111 795 1146 rs
831 1110 848 1145 o
865 1111 939 1150 cum
957 1097 1045 1150 Dareo

124 1163 275 1233 dimicares,
299 1164 349 1218 etsi
377 1180 457 1216 uerno
479 1163 569 1232 vellet,
592 1172 683 1217 nmen
710 1179 745 1216 ne
839 1163 902 1217 irari
929 1165 1046 1288 ffidm

124 1243 220 1305 posset,
233 1244 289 1287 tam
301 1244 437 1304 promptae
454 1250 515 1287 asse
533 1242 560 1286 te
578 1231 613 1285 ad
631 1248 710 1286 omna
727 1231 871 1286 discrimen
886 1249 928 1287 au
986 1234 1044 1288 iac:

124 1320 185 1357 narn
208 1304 255 1357 ubi
274 1303 347 1372 paria
369 1312 429 1357 sunt
452 1302 600 1373 periculum
622 1317 656 1354 ac
677 1301 834 1382 praemium,
856 1311 884 1355 et
911 1302 1046 1357 secundis

126 1373 206 1426 rebus
222 1373 335 1442 amplior
352 1371 453 1426 fructus
470 1381 518 1438 est,
538 1380 565 1424 st
582 1370 703 1425 adversis
721 1369 846 1424 solatium
862 1372 980 1442 majus:
999 1382 1045 1427 tuo

124 1457 186 1494 vero
208 1442 295 1510 capite
319 1440 463 1508 ignobilem
486 1444 575 1494 vicum
599 1440 662 1508 ami,
698 1441 741 1493 uis
759 1437 834 1508 ferat,
853 1455 910 1494 non
934 1450 1044 1497 tuorum

123 1509 202 1562 modo
220 1509 345 1578 militum,
365 1509 412 1562 sed
436 1508 515 1561 ullius
533 1510 622 1577 gentis
642 1509 690 1563 bar
792 1509 868 1577 civis,
889 1511 944 1579 qui
967 1522 1043 1567 tunm

123 1576 334 1645 magnitudinem
351 1578 443 1630 noviti
478 1578 572 1632 Horret
588 1578 695 1632 enimus
712 1577 871 1658 cogitatione
889 1581 944 1650 rei,
957 1597 1043 1650 quam

123 1646 201 1727 paulo
220 1655 283 1700 ante
306 1646 432 1701 vidimus.
469 1647 564 1716 Eloqui
587 1648 677 1717 timeo,
697 1647 789 1701 invicti
810 1648 935 1727 corporis
955 1649 1044 1720 spolia

121 1716 296 1771 inertissimas
317 1733 414 1771 manus
436 1715 518 1770 luisse
541 1715 705 1786 inlectums,⁷
726 1715 778 1770 nisi
800 1723 828 1768 te
851 1725 1041 1790 interceptum

121 1786 271 1840 misericors
294 1788 321 1840 in
344 1803 393 1840 nos
415 1785 520 1840 fortuna
542 1794 681 1840 servasset.
728 1784 851 1839 Totidem
875 1787 1040 1858 proditores,

122 1854 234 1909 totidem
252 1855 400 1910 desertores
420 1873 520 1923 sumus,
540 1865 604 1935 quot
623 1864 650 1909 te
671 1872 722 1909 non
741 1855 877 1926 potuimus
937 1858 1040 1927 rseqni.

121 1925 265 1980 Universos
276 1925 340 1979 licet
351 1926 451 1980 milites
462 1925 606 1994 ignominis
616 1932 699 1994 notes,
713 1940 792 1978 nemo
803 1940 900 1977 recusa
923 1927 945 1979 it
964 1927 1039 1981 luere

121 1994 157 2066 id,
177 1994 247 2064 quod
267 2013 301 2048 ne
320 1996 472 2050 admitteret
491 2003 625 2064 praestare
645 2011 696 2047 non
715 1992 816 2064 potuit.u
858 1994 961 2049 Patere
981 2013 1038 2064 nos,

139 2080 228 2133 nasso,
237 2064 289 2117 alio
301 2065 380 2118 modo
388 2082 448 2119 esse
457 2064 524 2116 viles
532 2064 588 2117 tibi.
618 2064 783 2133 Quocunque
793 2062 912 2133 jusseris,
924 2065 1038 2120 ibimus,

120 2081 238 2187 gessum
266 2133 383 2202 pericula
405 2141 432 2186 et
455 2132 585 2201 ignobiles
607 2150 710 2203 pugnas
737 2132 813 2186 nobis
840 2132 1036 2202 deposcimus:

121 2202 214 2253 temeti
246 2218 292 2254 um
309 2201 344 2254 ad
362 2219 395 2254 ea
412 2218 496 2270 serva,
509 2218 577 2269 quae
594 2201 806 2270 magnitudinem
817 2209 891 2255 tuam
903 2205 1040 2274 copiunt.⁹

120 2270 179 2323 Cito
195 2271 278 2339 gotia
295 2270 436 2324 obsolescit
454 2272 480 2324 in
498 2271 609 2324 sordidis
627 2270 754 2341 hostibus,
766 2287 817 2324 nec
833 2271 989 2342 quicquam
1001 2276 1039 2328 in·

121 2340 226 2410 dignius
248 2348 296 2411 est,
319 2357 403 2409 quam
425 2343 546 2394 consumi
569 2358 639 2410 eam,
663 2341 709 2394 ubi
730 2358 782 2394 non
804 2341 889 2411 possit
917 2345 1037 2398 ostendi.

123 2410 226 2464 Eadem
243 2410 299 2463 fera
317 2409 493 2480 Ptolemaeus,
506 2418 533 2464 et
550 2410 649 2466 similia
661 2409 703 2464 his
714 2410 805 2464 ceteri.
840 2410 963 2481 Jamque
976 2431 1039 2468 cou-

125 2608 132 2629 ,
152 2573 159 2596 ¹
170 2567 240 2616 Your
251 2569 291 2617 lile
302 2568 361 2618 isos
372 2568 435 2617 little
445 2569 515 2618 velue
526 2580 553 2617 to
563 2585 620 2630 you,
633 2579 660 2618 ot
671 2586 735 2619 nunc
743 2578 786 2628 est,
797 2571 946 2635 ‘according
957 2585 987 2623 ιο
996 2591 1038 2638 ap·

122 2629 267 2685 pesrsnces.'
300 2628 347 2676 See
358 2644 381 2675 v.
395 2632 429 2677 18.

150 2689 161 2714 ⁸
172 2690 178 2711 ‘
187 2685 307 2735 However
317 2698 384 2748 great
393 2703 407 2735 a
418 2686 545 2736 multitude
556 2687 585 2737 of
596 2687 629 2736 sll
639 2688 734 2737 nations
745 2703 801 2748 may
811 2689 925 2748 conspire
936 2707 954 2740 a
991 2694 1040 2744 inst

122 2743 171 2798 us‚'
184 2743 233 2792 dcc.
255 2746 320 2817 ΙΗοςΙ
330 2756 517 2815 quantacunque.
526 2761 541 2795 a
547 2748 660 2818 relative,
670 2749 733 2797 been
743 2747 812 2803 used,
822 2762 861 2795 we
871 2748 949 2799 shoul
975 2753 1040 2805 have

122 2802 424 2934 mgi‘wwrlllacdhgbeu‘g
433 2805 461 2912 (th
471 2817 759 2935 ffllfihconquesedt

151 2926 160 2948 ⁴
172 2920 253 2968 ‘Thst
264 2937 312 2982 you
323 2939 362 2971 ere
373 2939 456 3005 giving
464 2941 495 3032 ug
506 2936 531 2972 ιο
541 2925 632 2973 chance
644 2924 806 2985 (particularly
816 2933 842 2971 ιο
852 2923 977 2988 danger).¹

152 2988 160 3012 ¹
172 2979 277 3028 ‘Unless
288 2996 336 3040 you
346 2995 435 3031 return.
497 2999 525 3032 ee
538 2984 618 3032 Grum.
631 2984 708 3041 1405,
720 2993 789 3033 notes
799 2987 814 3031 2
824 2983 871 3032 and
882 2988 907 3035 3.

150 3045 159 3071 ⁸
170 3040 244 3088 Aeto
255 3039 303 3088 this
314 3042 476 3101 conjunction,
488 3058 530 3091 sse
542 3043 641 3150 Zumpt,
654 3043 668 3095 l
679 3047 730 3093 807.

151 3099 240 3147 ”The
249 3108 313 3147 most
322 3101 443 3161 cowardly
451 3101 528 3154 hands
536 3101 601 3151 woul
624 3102 685 3151 have
694 3101 802 3162 polluted
809 3103 850 3162 (by
856 3102 924 3154 their
931 3107 1040 3166 touch).'

149 3163 159 3228 ξ
170 3164 176 3186 ⁶
186 3158 292 3219 Thongh
302 3173 350 3218 you
361 3159 430 3228 marl
440 3161 481 3209 ths
492 3161 571 3209 whole
582 3176 651 3222 srmy
662 3161 721 3210 with
732 3161 865 3223 ignomin,
878 3174 923 3222 yet
940 3180 975 3216 no
992 3183 1041 3218 ons

123 3217 173 3265 will
189 3218 268 3267 rcluse
284 3227 309 3265 to
325 3220 355 3265 he
371 3218 490 3277 punished
504 3221 541 3268 lor
556 3220 609 3268 that
625 3220 714 3276 (namsl
733 3221 794 3277 ‚the
809 3220 937 3272 desertion
952 3225 985 3274 ol'
997 3227 1041 3276 the

123 3277 190 3338 king)
200 3278 280 3346 ,Whiffi
291 3278 321 3325 he
332 3277 403 3326 could
411 3288 452 3325 not
463 3280 567 3338 promise
578 3288 603 3327 ιο
613 3279 688 3330 admit
696 3236 756 3336 (that
764 3280 794 3336 is,
805 3279 890 3329 lorthe
899 3284 1041 3337 avoidsncs

121 3336 150 3384 ol
161 3337 240 3384 which
251 3337 282 3384 he
293 3335 363 3385 could
374 3346 415 3384 not
426 3339 546 3394 answer).’

59 3434 63 3444 .
146 3400 157 3426 ⁸
169 3401 176 3424 ⁴
186 3395 276 3448 Which
287 3412 333 3448 can
343 3396 439 3448 receive
447 3396 640 3454 tthstis,nlirch
646 3413 689 3447 ara
696 3397 869 3454 sufficientior)
878 3414 945 3460 your
954 3414 1040 3466 grus.

108 3471 170 3509 neu
180 3458 213 3510 ol
223 3459 298 3511 soul'
