2274 3772
426 233 428 237 .
490 167 582 222 arasa
608 182 647 222 rv.
983 168 1017 224 bl

115 290 302 344 continentiam
314 289 409 361 perfer.
446 289 480 344 Et
498 307 559 344 curn
578 291 606 343 in
625 291 706 359 regali
723 291 786 345 solio
800 291 936 361 residebis,
949 292 1020 344 vitae

114 361 240 430 necisque
264 361 381 413 omniurn
406 360 503 412 civium
524 359 653 429 dominus,
675 378 740 413 cave
760 361 923 414 obliviscaris
941 361 1020 430 hujus

116 438 205 498 status,
219 431 244 483 in
262 446 314 498 quo
332 430 432 498 accipis
451 446 566 497 reanum,
582 431 662 481 imrno
680 430 796 499 hercule,
811 439 914 499 propter
931 448 1018 500 quern.

115 499 220 553 Somnio
232 499 327 553 similis
344 517 386 552 res
397 498 500 553 Abdal·
513 517 581 566 ,ymo
595 498 747 551 videbatur:
768 499 909 568 interdum,
923 501 1020 552 satisne

115 571 173 622 sani
191 578 287 638 essent,
301 567 346 638 qui
365 578 419 620 tarn
438 578 557 637 proterve
576 567 625 620 sibi
644 568 790 637 illuderent,
810 569 1019 638 percontabatur.

115 638 165 691 Sed
179 648 207 692 ut
219 638 353 693 cunctanti
366 637 470 706 squalor
481 636 587 694 ablutus
599 647 647 716 est,
662 647 688 690 et
707 637 803 707 injectu
815 638 896 690 vestit
907 656 1021 708 purpura

114 725 230 777 auroque
247 707 377 775 distincta,
392 715 418 758 et
438 706 503 758 fides
519 723 535 757 a
552 705 699 775 jurantibus
718 707 795 775 lacta,
809 708 875 759 serio
892 707 948 777 jam
967 725 1019 780 rex,

115 777 211 830 iisdem
230 776 417 829 comitantibus
436 777 462 827 in
484 777 582 842 regiam
602 777 729 844 pervenit.
767 776 851 829 Fama
870 777 974 847 deinde,
992 788 1021 831 ut

114 847 189 915 solet,
209 856 314 899 strenue
332 853 385 897 tota
404 844 469 897 urbe
481 845 620 896 discurrit:
638 845 749 898 aliorum
768 845 892 915 studium,
911 847 1021 900 aliorum

114 916 259 984 indignatio
283 914 432 967 eminebat:
463 913 610 966 ditissimus
632 915 743 984 quisque
767 915 943 969 humilitatem
968 917 1020 968 ino-

114 986 240 1056 piamque
252 985 311 1054 ejus
322 983 393 1053 apud
406 982 507 1035 amicos
519 983 662 1036 Alexandri
674 983 869 1038 criminabatur.
904 985 1020 1039 Admitti

115 1072 179 1108 eum
200 1071 244 1106 rex
262 1054 380 1122 protinus
397 1051 482 1121 jussit,
503 1051 601 1122 diuque
622 1053 823 1124 contemplatus,
844 1056 966 1126 corporis,
984 1057 1020 1108 in-

116 1124 180 1193 quit,
201 1123 307 1176 habitus
326 1122 414 1174 famae
434 1122 608 1189 generis‘non
629 1132 771 1194 repugnat:
793 1123 839 1176 sed
860 1124 925 1177 libet
944 1125 1019 1194 seire,

115 1193 159 1246 ino
179 1192 232 1246 iam
256 1209 308 1261 qua
330 1192 458 1261 patientia
481 1191 592 1244 tuleris?
628 1193 699 1245 Tum
722 1192 774 1261 ille,
794 1193 904 1263 utinam,
929 1195 1020 1264 inquit,

116 1279 148 1314 eo
168 1279 210 1314 em
229 1263 321 1331 animo
347 1277 453 1329 regnum
496 1261 532 1312 ati
551 1261 667 1340 possim!
695 1263 745 1314 hae
770 1278 866 1315 manus
889 1262 1020 1316 suffecere

115 1332 247 1396 desiderio
266 1348 341 1383 meo:
363 1331 428 1382 nihil
449 1278 557 1399 hahens
578 1331 641 1384 nihil
661 1331 754 1383 deluit.
791 1333 907 1401 Magnae
929 1332 1021 1385 indolis

115 1401 250 1470 specimen
273 1418 306 1453 ex
326 1401 375 1452 hoc
395 1417 516 1453 sermone
536 1401 713 1470 Abdalonymi
734 1403 813 1470 cepit.
858 1404 950 1472 ltaque
970 1421 1020 1456 non

114 1471 240 1524 Stratonis
258 1471 336 1523 niodo
355 1471 452 1538 regiam
472 1469 683 1540 suppellectilem
702 1471 808 1524 attribui
827 1473 851 1524 ci
870 1472 954 1542 jussit,
973 1474 1020 1525 sed

114 1540 249 1610 pleraqne¹
273 1540 353 1592 etiam
378 1558 412 1593 ex
435 1539 539 1593 Persica
558 1541 663 1610 praeda,
686 1542 819 1610 regionem
839 1559 943 1611 quoque
964 1543 1020 1595 urbi

113 1611 260 1680 appositam
272 1610 367 1662 dicioni
378 1608 551 1679 ejusadjecit.
669 1616 672 1623 “

149 1684 173 1732 5.
189 1681 294 1739 ¹Interea
305 1682 444 1748 Amyntas,
457 1696 537 1748 quem
556 1679 590 1731 ad
609 1679 703 1732 Persas
720 1680 754 1732 ab
772 1680 921 1733 Alexandro
940 1692 1021 1734 trans·

114 1750 214 1818 fugisse
235 1749 370 1816 diximus,²
390 1766 452 1813 cum
471 1758 592 1817 quattuor
612 1749 721 1802 milibus
744 1750 911 1816 Graecorum,
933 1750 1020 1820 ipsum

114 1837 148 1872 ex
166 1821 225 1872 acie
245 1818 399 1888 persecutis,
417 1819 480 1886 fuga
499 1818 626 1887 Tripolin³
644 1818 771 1888 pervenit.
808 1820 873 1872 lude
894 1819 919 1872 in
940 1837 1022 1872 naues

115 1888 242 1942 militibus
261 1887 388 1956 impositis
406 1886 525 1956 Cyprum
540 1887 692 1954 transmisit,
712 1897 738 1939 et
761 1904 824 1941 cnm
842 1887 867 1940 in
886 1888 929 1941 illo
951 1898 1019 1941 statu

115 1975 200 2011 rernm
221 1959 246 2010 id
265 1975 406 2027 quemque,
420 1958 488 2026 quod
508 1967 670 2026 occupasset,
685 1957 835 2011 habiturum
854 1958 1021 2011 arbitraretur

115 2028 187 2081 velut
199 2037 270 2080 certo
284 2026 341 2096 jure
354 2043 512 2096 possessum,
526 2029 679 2096 Aegyptum
699 2024 788 2096 petere
807 2026 939 2081 decrevit:
959 2029 1020 2080 utri-

114 2115 167 2168 que
187 2099 242 2166 regi
263 2097 352 2166 hostis,
368 2105 394 2148 et
413 2113 518 2167 semper
530 2114 562 2148 ex
576 2096 684 2166 ancipiti
703 2097 848 2149 mutatione
868 2105 1018 2167 temporum

114 2167 242 2279 pendens.
280 2167 456 2234 Hortatusque
478 2165 576 2218 milites
596 2166 628 2218 ad
654 2183 731 2236 spem
753 2176 841 2219 tantae
867 2168 911 2237 rei,
933 2167 1018 2236 docet,

116 2238 237 2290 Catacem
250 2239 398 2306 praetorem
410 2237 524 2304 Aegypti
538 2235 667 2300 cecidisse
681 2236 707 2288 in
716 2236 782 2305 acie,
793 2237 932 2289 Persarum
947 2254 1020 2305 prae-

116 2306 213 2358 sidium
232 2316 258 2363 et
277 2307 333 2358 sine
354 2305 421 2357 duce
445 2320 511 2374 esse,
532 2315 558 2358 et
578 2305 729 2371 invalidum,
747 2307 900 2375 Aegyptios,
914 2308 1020 2375 semper
1106 2338 1108 2345 ·

115 2375 281 2445 praetoribus
292 2391 381 2426 eornm
396 2373 511 2445 infestos,
526 2392 571 2444 pro
590 2375 676 2426 sociis
686 2375 764 2442 ipsos,
778 2393 827 2426 non
841 2392 887 2443 pro
899 2374 1020 2428 hostibus

115 2445 309 2512 aestimaturos.
345 2443 440 2496 Omnia
462 2444 575 2512 experiri
600 2447 744 2495 necessitas
768 2443 895 2510 cogebat:
922 2445 1019 2513 quippe

114 2531 177 2567 curn
191 2513 289 2584 primas
302 2530 363 2581 spes
375 2512 475 2565 fortuna
494 2513 619 2579 destituit,
633 2511 719 2564 futura
737 2512 918 2581 praesentibus
931 2513 1018 2566 viden-

115 2594 157 2637 tur
169 2601 227 2636 esse
248 2583 352 2653 potiora.
389 2583 470 2651 Igitur
488 2580 664 2648 conclamant,
681 2581 790 2634 duceret
807 2599 859 2650 quo
878 2582 1018 2645 videretur.

114 2657 204 2722 Atque
217 2654 262 2705 ille
275 2652 404 2706 utendum
415 2652 512 2704 animis
529 2651 591 2704 dnm
611 2668 658 2719 spe
676 2650 792 2704 calerent
806 2662 883 2719 ratus,
896 2652 929 2705 ad
944 2653 1018 2706 Pelu-

115 2724 183 2776 sium
197 2724 304 2775 ostinm⁴
316 2731 447 2790 penetrat,
457 2721 585 2775 simulans
596 2738 612 2772 a
626 2721 709 2773 Dareo
723 2739 751 2773 se
764 2739 822 2773 esse
835 2723 1017 2790 praemissum.

114 2793 215 2846 Potitus
233 2791 301 2860 ergd
314 2791 423 2857 Pelusii,
442 2791 703 2859 Memphim-copias
724 2793 868 2858 promovit:
890 2792 923 2845 ad
943 2793 1018 2863 cujus

113 2861 213 2915 famam
237 2861 370 2931 Aegyptii,
397 2872 465 2913 varta
489 2878 555 2928 gens
584 2870 611 2912 et
640 2861 767 2912 novandis
790 2878 871 2928 quarn
894 2864 1018 2930 gerendis

112 2933 198 3000 aptior
222 2933 307 2996 rebus,
329 2948 362 2984 ex
380 2931 436 2983 suis
453 2932 551 2999 quique
569 2930 635 2982 vicis
652 2929 821 2999 urbibusque,
842 2931 897 2996 hoc
913 2934 1018 3001 ipsum,⁵

141 3033 147 3055 ¹
160 3026 188 3075 ln
200 3027 240 3075 the
251 3044 321 3075 sensa
332 3027 360 3074 os
368 3029 480 3089 plurima.

140 3091 150 3116 ²
160 3086 206 3134 See
218 3087 249 3134 iii.
262 3091 298 3135 28.

140 3151 150 3174 ³
161 3147 184 3192 A
194 3146 358 3194 considerable
371 3147 420 3206 city
432 3145 455 3193 in
468 3143 607 3199 Phoenicia,
621 3146 731 3192 between
743 3144 840 3192 Aradus
856 3144 902 3192 and
914 3144 1015 3204 Byblos.

112 3205 134 3252 It
146 3205 255 3252 received
267 3207 298 3253 its
310 3220 379 3253 name
391 3206 451 3252 lrom
462 3205 504 3251 the
515 3202 574 3257 lact.⁴
582 3203 633 3251 that
642 3204 673 3252 its
684 3203 783 3264 original
795 3204 941 3251 inhabitants
952 3219 1016 3251 were

111 3265 225 3313 colonists
236 3265 296 3312 from
308 3266 375 3312 three
385 3262 599 3318 towns-Aradus,
614 3263 688 3322 Tyra,
702 3263 747 3311 and
759 3263 840 3310 Sidon.

139 3324 212 3371 ‘Tha
227 3334 291 3372 most
306 3324 411 3392 easterly
422 3322 450 3371 os
462 3321 503 3391 the
518 3337 593 3369 seren
608 3322 706 3370 mouths
721 3321 749 3369 of
760 3322 801 3369 the
814 3321 881 3376 Nile,
893 3336 925 3368 on
936 3320 1014 3369 which

110 3397 166 3472 nqq
174 3383 313 3490 'llhdlhvddd
322 3395 374 3489 ιαὶιιῐθΥ
382 3381 661 3510 εέτῗῗῧΐὲῗήωηοὶγ,
673 3439 741 3488 what
758 3439 887 3499 Amyntas
896 3435 955 3483 hah
967 3434 1037 3482 saxu.

110 3499 152 3548 An
163 3499 279 3560 ellrptrcal
289 3500 447 3562 parenthesis.
