2274 3772
137 158 196 218 m
407 175 447 216 us
470 176 579 217 ousrrs
601 176 784 216 sessanum.

138 283 219 338 voluti
234 285 341 338 unicam
358 301 435 355 spem
451 287 520 354 regis
537 283 708 338 fefellerunt.¹
742 284 834 337 Stabat
851 284 980 338 enimin
1000 301 1067 341 cou-

137 365 230 426 spectu
244 356 307 407 tenti
321 356 461 423 exercitus,
476 355 586 408 velutin
600 355 740 408 solitudine
752 353 903 406 destitutus.

175 429 214 476 19.
233 425 347 493 Jamque
366 424 479 494 laevam,
492 442 545 494 qua
562 424 678 494 clipeum
695 423 730 476 ad
748 425 816 476 ictus
833 423 1063 496 circumferebat,

137 492 301 562 lassaverat,²
311 494 490 547 clamantibus
505 495 607 562 amicis,
621 504 650 546 ut
661 495 696 546 ad
709 495 781 562 ipsos
792 491 920 562 desiliret,
934 494 1063 547 stabant-

134 579 189 632 que
208 564 359 632 excepturi,
380 581 442 617 cum
463 563 509 616 ille
530 581 584 616 rem
605 581 688 616 auarus
706 573 746 615 est
766 561 952 615 incredibilem
972 574 1062 632 atque

137 631 292 700 inauditam,
316 633 453 703 multoque
476 635 562 701 magis
591 633 624 685 ad
651 634 751 686 lamam
775 631 941 699 temeritatis,
971 649 1062 701 quam

135 700 242 770 gloriae,
256 702 395 770 insignem.
432 704 557 772 Namque
576 702 602 754 in
618 703 711 756 urbem
725 702 841 755 hostium
853 701 965 771 plenam
1003 719 1060 755 rae·

135 773 209 840 cipiti
228 772 296 824 saltu
314 789 388 825 seme
407 773 463 842 ipse
476 772 594 839 immisit,
608 789 670 825 oum
683 773 728 825 vix
739 787 844 840 sperare
857 779 957 839 posset,
998 773 1058 825 imi·

135 851 241 894 cantem
260 851 332 894 certe
350 850 377 893 et
394 859 445 894 non
465 842 588 894 inultum⁸
599 858 659 894 esse
671 842 842 894 moriturum:
880 841 965 909 uippe
978 853 1058 894 ante·

134 926 215 989 quam
228 919 385 981 assurgeret,
395 911 508 981 opprimi
520 921 622 980 poterat
634 919 661 963 et
673 911 732 980 capi
744 911 829 963 vivus.
900 909 918 961 d
932 909 1007 962 torte
1021 912 1058 964 ita

135 979 275 1033 libraverat
287 983 401 1050 corpus,⁴
413 990 441 1034 ut
454 998 482 1033 se
495 981 609 1050 podibus
620 982 763 1050 exciperet.
800 980 893 1047 Itaque
911 985 992 1031 stans
1006 980 1057 1034 init

134 1064 268 1119 pugnam3
286 1059 313 1103 et
325 1067 359 1103 ne
372 1051 504 1103 circumiri
517 1059 613 1120 posset,
627 1050 731 1103 fortuna
763 1049 900 1101 roviderat.
934 1048 1058 1104 Vetusta

133 1118 216 1188 arbor,
232 1118 302 1172 haud
320 1120 412 1189 procul
430 1136 512 1189 muro,
519 1137 617 1195 ,ramos
634 1119 719 1172 multa
736 1068 827 1171 tionde
840 1117 959 1185 vestitos,
976 1120 1057 1174 velut

134 1186 169 1241 de
189 1189 317 1243 industria
340 1206 433 1258 regem
456 1199 632 1258 protegentes,
652 1189 802 1258 objecerat,
825 1187 905 1256 hujus
929 1190 1057 1256 spatioso

133 1258 217 1328 stipiti
228 1275 331 1329 corpus,
344 1276 378 1311 ne
393 1259 526 1312 circumiri
544 1269 640 1328 posset,
653 1258 787 1329 applicuit,
800 1257 885 1327 clipeo
898 1256 961 1326 tela,
977 1275 1056 1328 quae

133 1342 168 1381 ex
178 1327 290 1382 adverso
303 1328 497 1398 ingerebantur,
509 1329 654 1398 excipiens.
690 1329 759 1380 Nam
778 1344 838 1381 cum
856 1343 941 1379 unum
953 1329 1055 1395 procul

133 1405 170 1449 tot
183 1415 279 1451 manus
290 1407 418 1467 peterent,
432 1415 510 1450 nemo
529 1407 617 1451 tamen
636 1397 753 1450 audebat
771 1398 877 1466 propius
893 1397 1054 1468 accedere,

133 1467 244 1518 missilia
257 1467 337 1520 ramis
348 1466 431 1536 plura,
444 1484 526 1535 quam
544 1468 630 1536 clipeo
649 1467 809 1520 incidebant.
846 1465 989 1533 Pugnabat
1005 1485 1054 1537 pro

132 1551 195 1602 rege
207 1536 321 1604 primurn
333 1536 460 1588 celebrati
473 1537 586 1589 nominis
598 1537 677 1605 sama,
687 1536 783 1589 deinde
792 1536 962 1604 desperatio,⁶
971 1554 1004 1590 m
1042 1569 1053 1581 ·

131 1620 197 1656 num
208 1604 241 1655 ad
255 1604 366 1657 honeste
378 1605 545 1658 moriendum
558 1607 769 1658 incitamentum.
788 1605 914 1659 Sericum
928 1605 1014 1660 subin
1036 1625 1052 1660 e

132 1671 214 1725 hostis
231 1673 360 1742 afflueret,
378 1673 434 1745 jam
452 1674 589 1742 ingentem
601 1678 656 1728 vim
669 1676 780 1729 telorum
793 1683 935 1743 exceperat
948 1675 1051 1748 clipeo,

130 1741 186 1812 jaro
205 1742 311 1811 galeam
330 1760 395 1797 saxa
415 1744 602 1814 perfregerant,
623 1746 679 1815 jam
699 1746 822 1798 continuo
841 1744 933 1797 labore
952 1750 1053 1813 gravia

66 1819 68 1823 ’
130 1813 412 1881 genuasuooideraut.⁸
434 1813 641 1884 Itaquecontem
662 1816 710 1868 tim
719 1824 745 1868 et
754 1816 867 1883 incaute,
876 1815 920 1883 qui
930 1817 1052 1884 proximi

130 1890 265 1953 steterant,
284 1884 463 1937 incurrerunt:
486 1885 616 1954 equibus
653 1901 700 1938 uos
717 1885 804 1953 gladio
825 1885 862 1937 ita
880 1886 998 1955 excepit,
1020 1896 1052 1940 ut

130 1961 193 2004 aute
211 1953 297 2022 ipsum
316 1955 454 2007 exanimes
472 1955 683 2024 procumberent.
720 1957 778 2008 Nec
796 1954 921 2022 cuiquam
942 1955 1051 2011 deinde

130 2022 236 2144 propipp
249 2023 398 2078 incessendi
409 2041 472 2076 eum
481 2026 587 2077 animus
599 2025 664 2078 fuit:
678 2024 767 2094 procul
778 2023 866 2093 jacula
879 2023 1052 2096 sagittasque

131 2100 206 2143 mitte
227 2102 280 2145 ant.

163 2163 205 2211 20.
226 2161 273 2213 llle
293 2161 326 2213 ad
348 2178 442 2213 omnes
464 2163 533 2216 ictus
551 2164 693 2234 expositus,
715 2180 795 2232 aegre
818 2163 874 2231 jam
895 2176 1050 2232 exceptum

129 2229 271 2298 poplitibus
283 2247 377 2298 corpus
390 2231 514 2284 tuebatur
520 2234 539 2300 ,⁷
557 2232 642 2285 donec
661 2234 742 2285 ludus
760 2233 871 2285 duorum
890 2233 1051 2289 cubitorum

128 2299 253 2366 sagittam
265 2300 394 2369 (namque
407 2301 486 2370 ludis,
496 2310 524 2352 ut
536 2311 615 2353 antea
627 2304 750 2369 diximus,
760 2302 839 2371 hujus
848 2303 1052 2369 magnitudinis

129 2369 241 2436 sagittae
259 2369 346 2439 erant)
365 2370 402 2421 ita
420 2372 544 2438 excussit,
564 2381 592 2424 ut
611 2389 658 2441 per
677 2373 812 2425 thoracem
831 2372 942 2440 paulurn
963 2391 1052 2444 super

128 2437 198 2491 latus
222 2437 345 2493 dextrum
369 2440 498 2508 infigeret.
537 2442 595 2499 Quo
618 2442 728 2495 vulnere
752 2443 873 2508 afflictus,
895 2459 997 2510 magna
1021 2446 1050 2497 vi

133 2546 257 2553 >tm—*-

157 2608 163 2629 ¹
178 2602 245 2650 ‘And
261 2619 287 2651 es
303 2603 372 2651 these
388 2602 429 2650 did
445 2614 487 2650 not
504 2603 560 2650 hold
579 2613 620 2651 out
637 2603 713 2651 under
724 2603 764 2650 the
776 2602 866 2662 weight
878 2603 930 2656 (but
943 2605 1048 2665 buche),

124 2659 186 2722 xthey
196 2662 245 2714 (the
257 2661 366 2741 spidiers)
377 2677 440 2709 were
452 2661 547 2710 thrown
558 2661 637 2719 down,
649 2662 695 2710 and
708 2663 764 2710 thus
775 2661 890 2710 deceived
901 2662 943 2710 the
958 2663 1050 2727 king's

126 2719 184 2807 onii:
193 2721 290 2826 iihpiiad
301 2779 407 2840 latigued
423 2780 461 2828 his
477 2779 519 2828 lest
535 2779 599 2830 hund
607 2781 623 2838 ;’
636 2780 763 2840 apoetical
774 2780 844 2829 mode
856 2781 884 2827 ol
896 2786 1049 2841 expression

127 2837 163 2924 soi
173 2840 243 2943 {olivet
250 2841 497 2978 apppetpesppeedrpp.thm
507 2898 536 2955 is,
553 2904 608 2947 ‘not
618 2899 720 2947 without
730 2899 848 2960 inflicting
856 2915 924 2948 some
935 2906 1048 2956 wounds

125 2970 189 3015 upon
200 2956 237 3003 lus
249 2971 364 3003 encnnes.

154 3021 161 3042 ⁴
175 3015 228 3096 ‘Hp
244 3014 291 3062 had
308 3014 423 3062 balanced
439 3017 476 3065 his
492 3017 557 3078 body
568 3019 592 3065 in
605 3017 665 3066 such
677 3034 690 3065 u
701 3033 808 3075 manner,
822 3018 894 3066 when
905 3019 935 3066 he
948 3036 1046 3087 sprung

124 3074 235 3202 {civilis
245 3132 341 3202 despair
351 3133 434 3192 fought
451 3134 487 3182 sor
502 3134 577 3194 him;’
591 3136 684 3193 thetis,
700 3136 851 3198 ‘despairing
862 3136 889 3184 of
901 3138 995 3200 susety‚
1011 3143 1044 3194 he

123 3191 745 3302 mliiirllhlleri‘i{illliilrilinfiimen‘⁸⁵³

152 3311 253 3358 '‘After
263 3287 362 3371 sinlring
372 3325 436 3369 upon
447 3310 484 3359 his
496 3311 581 3369 knees,
597 3291 628 3362 he
644 3314 762 3364 defended
778 3314 879 3363 himsell
891 3315 953 3364 with
970 3318 1042 3370 dius

117 3368 205 3430 eutry!
239 3370 308 3419 Genu
324 3369 345 3418 is
361 3370 402 3418 the
419 3368 551 3431 husa-pan,
584 3375 645 3435 optes
658 3373 702 3421 the
710 3373 800 3422 hollow
811 3373 839 3421 ot
851 3374 892 3422 the
904 3373 980 3435 lineo,
994 3380 1040 3432 the

106 3431 204 3480 sinews
216 3432 248 3494 hy
261 3431 344 3482 which
356 3431 399 3482 the
410 3430 452 3495 leg
463 3431 485 3482 is
496 3389 597 3483 moueh.
