2274 3772
421 214 423 217 .
462 174 575 233 'arnan
597 195 647 233 vu.
964 181 1018 237 19³

111 306 205 360 itinere
227 305 373 359 exercitum
396 305 504 356 ducens.
542 306 686 371 Aquarum,
710 312 738 355 ut
761 313 823 355 ante
847 304 948 358 dictum
972 315 1020 376 cat,

111 375 221 445 penuria
244 377 316 478 prius
339 373 531 441 desperatione,
545 389 636 440 quam
660 371 792 424 desiderio
816 373 926 427 bibendi
950 377 1021 431 sitim
1105 430 1109 440 ,

111 444 242 498 accendit.
302 446 350 497 Per
373 443 457 495 CCCC
481 441 566 493 stadia
590 459 624 494 ne
648 443 768 494 modicus
789 443 900 510 quidem
930 445 1022 499 humor

111 516 209 568 existit.
256 515 375 566 Harenas
398 528 478 579 uapor
501 512 595 563 aestivi
619 511 682 562 solis
704 513 847 565 accendit:
878 531 947 581 quae
976 517 1021 569 ubi

111 585 224 652 flagrare
245 591 398 651 coeperunt,
420 580 491 643 ,haud
517 597 594 632 secus
617 597 697 648 quam
728 581 869 635 continenti
901 585 1021 638 incendio

112 663 207 706 cuncta
230 652 379 705 torrentur.8
414 650 502 717 Caligo
526 651 630 716 deinde,
652 650 794 702 immodico
815 661 899 705 terrae
919 653 1021 709 fervore

112 724 233 790 excitata,
246 723 336 774 lucem
354 720 435 787 tegit:
455 736 661 789 camporumque
680 737 729 772 non
747 719 799 772 alia
816 738 897 789 quam
911 725 977 776 vasti
995 734 1021 777 et

111 792 232 861 profundi
254 791 376 859 aequoris
402 790 505 858 species
528 799 576 841 est.
624 790 788 842 Nocturnum
812 791 863 844 iter
886 793 1021 847 tolerabile

111 862 258 930 videbatur,
272 861 334 928 quia
353 876 408 910 rore
427 867 453 909 et
471 858 600 910 matutino
618 857 714 925 frigore
732 876 840 928 corpora
856 860 1020 916 levabantur.

112 931 235 983 Ceterum
254 947 314 982 cum
334 928 392 997 ipsa
409 927 469 980 luce
487 936 579 980 aestus
595 928 681 995 oritur,
695 945 856 998 omnemque
874 933 1020 986 naturalem

111 999 234 1053 absorbet
253 999 393 1051 humorem
411 996 532 1063 siccitas5
550 1013 594 1048 ora
611 997 767 1065 visceraque
786 1001 891 1068 penitus
903 1011 1019 1054 uruntur.

111 1070 204 1136 ltaque
229 1071 342 1137 primum
366 1067 455 1133 animi,
479 1064 576 1118 deinde
600 1083 707 1134 corpora
730 1067 845 1120 delicere
869 1081 1019 1139 coeperunt.

112 1138 223 1206 Pigebat
236 1147 262 1189 et
274 1137 417 1189 consistere
430 1143 456 1187 et
468 1134 597 1204 progredi.
634 1135 716 1188 Pauci
728 1154 744 1188 a
756 1138 847 1205 peritis
857 1141 1020 1207 regionisad·

112 1207 203 1258 moniti
217 1214 400 1276 praepararant
419 1222 525 1273 aquam.
562 1205 635 1256 Haec
646 1205 779 1274 paulisper
792 1210 915 1276 repressit
933 1210 1020 1263 sitim:

112 1275 210 1329 deinde
222 1284 358 1329 crescente
370 1282 445 1327 aestu
457 1291 545 1327 rursus
562 1273 725 1327 desiderium
743 1275 860 1328 humoris
877 1295 1022 1331 accensum

112 1358 160 1398 est.
204 1347 274 1414 Ergo
296 1344 421 1414 quicquid
446 1344 500 1396 vini
524 1343 629 1411 olieque
652 1355 708 1397 erat
731 1345 822 1398 oribus
844 1347 1020 1418 ingerebatur,

112 1423 237 1484 tantaque
249 1414 362 1468 dulcedo
379 1412 489 1466 bibendi
507 1411 564 1481 fuit,
578 1422 606 1465 ut
624 1413 650 1465 in
668 1424 801 1482 posterum
815 1416 872 1469 sitis
883 1421 1021 1470 nontime-

112 1493 191 1537 retur.
226 1485 327 1538 Graves
350 1482 447 1536 deinde
471 1482 550 1534 aride
570 1481 665 1535 hausto
688 1483 798 1536 humore
821 1503 872 1539 non
893 1487 1022 1540 sustinere

111 1571 192 1623 arma,
214 1571 266 1607 non
286 1553 387 1622 ingredi
408 1560 542 1622 poteraut;
566 1561 593 1605 et
614 1552 745 1606 feliciores
768 1554 933 1625 videbantur,
955 1573 1022 1626 quos

111 1641 181 1693 aqua
198 1623 342 1693 defecerat,
363 1639 426 1676 cum
445 1621 496 1690 ipsi
516 1621 574 1673 sine
593 1623 671 1674 modo
691 1623 804 1676 infusam
827 1628 930 1680 vomitu
945 1643 1022 1695 coge·

108 1701 200 1747 'rentur
225 1710 343 1762 egerere.
390 1693 508 1744 Anxium
537 1707 629 1758 regem
658 1692 738 1744 tantis
761 1694 841 1746 malis
867 1696 1021 1749 circumfusi

111 1764 200 1832 amici,
212 1772 240 1816 ut
253 1761 420 1816 meminisset
438 1760 488 1829 sui,
501 1759 609 1812 orabant
617 1777 624 1828 ;
642 1761 724 1813 animi
743 1763 795 1815 ειιί3
809 1765 1022 1831 magnitudinem

111 1833 219 1886 unicum
232 1830 380 1885 remedium
394 1829 545 1882 deficientis
556 1829 690 1882 exercitus
702 1846 776 1884 esse:
790 1849 853 1884 cum
866 1850 901 1886 ex
912 1833 962 1902 his,
976 1833 1022 1902 qui

111 1909 309 1972 praecesserant
329 1900 362 1952 ed
382 1897 543 1968 capiendum
567 1897 655 1951 locum
678 1899 778 1968 castris,
799 1901 852 1953 duo
873 1905 1024 1954 occurrunt⁴

112 1971 215 2025 utribus
225 1987 324 2038 aquam
335 1976 478 2037 gestantes,
491 1975 520 2018 ut
532 1966 592 2018 filiis
604 1969 666 2033 suia,
679 1984 745 2036 quos
763 1969 788 2021 iu
808 1970 904 2023 eodem
916 1971 1022 2039 agmine

112 2059 178 2107 esse,
199 2048 225 2091 ct
245 2055 326 2107 aegre
346 2038 400 2106 pati
420 2037 491 2088 sitim
510 2052 560 2087 non
580 2036 741 2106 ignorabant,
759 2048 935 2092 occurrerent.
970 2041 1023 2099 Qui

112 2128 174 2163 cum
196 2110 221 2161 in
240 2125 331 2176 regem
351 2106 511 2174 incidissent,
532 2105 599 2157 alter
622 2123 656 2159 ex
677 2107 723 2175 eis,
747 2118 803 2160 utre
824 2109 945 2178 resoluto,
967 2127 1023 2180 aas,

112 2178 182 2248 quod
194 2178 271 2230 simul
284 2176 394 2244 ferebat,
408 2175 508 2245 implet,
522 2174 656 2243 porrigens
672 2177 735 2244 regi.
772 2177 820 2231 Ille
832 2180 929 2248 accipit
937 2197 945 2248 5
963 2197 1022 2248 per-

112 2256 233 2300 contatus
245 2246 343 2315 quibus
353 2263 452 2315 equam
464 2255 603 2314 portarent,
617 2244 679 2298 filiis
692 2246 759 2299 ferre
772 2250 915 2315 cognoscit.
945 2249 1021 2301 Tunc

113 2317 205 2386 poculo
225 2316 311 2384 pleno,
331 2315 404 2367 sicut·
417 2314 537 2367 oblatum
558 2322 606 2382 est,
625 2315 734 2384 reddito,
755 2317 813 2368 Nec
831 2318 909 2387 solus,
929 2318 1022 2388 inquit,

113 2387 203 2439 bibere
216 2385 340 2447 sustineo,
354 2401 404 2436 nec
422 2394 476 2436 tam
495 2384 620 2452 exiguum
639 2385 758 2437 dividere
770 2386 894 2438 omuibus
906 2403 1022 2455 possum.

113 2457 166 2508 Vos
175 2455 278 2522 currite,
289 2463 316 2505 et
329 2453 418 2505 liberis
426 2452 528 2520 vestris,
539 2452 609 2522 quod
621 2462 725 2522 propter
737 2453 797 2506 illos
806 2455 938 2524 attulistis,
949 2455 1022 2508 date.

149 2530 190 2577 21.
209 2524 328 2576 Tandem
349 2522 382 2574 ad
404 2523 505 2574 flumen
526 2523 613 2575 Oxum
637 2522 693 2590 ipse
716 2524 836 2591 pervenit
856 2525 945 2592 prima
967 2524 1022 2578 fere

114 2611 233 2662 vespera.
270 2592 320 2645 Sed
340 2593 472 2644 exercitus
490 2608 587 2660 magna
604 2606 665 2658 pars
682 2608 733 2644 nou
746 2597 866 2660 potuerat
879 2595 1020 2663 consequi:

114 2666 138 2715 in
152 2663 223 2715 edito
235 2672 324 2714 monte
339 2662 413 2728 ignes
429 2660 503 2730 jubet
521 2661 586 2730 fieri,
600 2669 628 2712 ut
645 2661 669 2729 ii,
682 2661 728 2730 qui
740 2678 820 2729 aegre
832 2663 1019 2734 sequebantur,

114 2733 182 2785 haud
201 2732 291 2800 procul
309 2731 403 2782 castris
421 2731 501 2800 ipsos⁶
512 2730 607 2783 abesse
619 2739 816 2799 cognoscerent.
856 2733 1020 2804 Eosautem,

142 2882 148 2904 ¹
161 2874 215 2922 The
226 2873 315 2934 feeling
325 2873 376 2920 that
388 2872 456 2919 there
467 2887 518 2920 was
530 2887 561 2920 no
571 2872 708 2932 possibility
719 2872 747 2920 of
758 2874 883 2936 obtaining
893 2886 969 2925 water
978 2892 1021 2926 ex·

112 2934 175 2983 cited
187 2934 266 2989 thirst,
280 2931 361 2980 before
373 2932 390 2978 it
402 2931 482 2979 would
494 2931 554 2979 have
566 2947 634 2978 corne
645 2948 677 2979 on
687 2932 814 2992 naturally.

140 3005 150 3029 ²
162 2998 259 3046 ‘When
271 2997 311 3044 the
323 2996 366 3058 dry
378 2996 437 3044 saud
448 2997 478 3043 be
496 2997 534 3044 ins
542 3008 568 3044 to
577 2996 651 3066 glou,
662 2996 720 3045 then
729 2997 871 3059 everytbing
882 2999 931 3054 (tlre
942 3000 1022 3050 whole

112 3057 274 3117 atmosplrere)
286 3057 306 3104 is
318 3055 421 3115 perched
432 3071 458 3102 os
470 3012 495 3103 il
503 3058 534 3116 by
546 3071 560 3102 a
570 3056 647 3116 single
658 3057 789 3105 connected
800 3057 888 3106 fleme?

135 3128 150 3150 ‘³
160 3122 239 3184 Ipsius
253 3122 332 3170 would
345 3121 406 3169 have
417 3123 479 3169 been
490 3121 540 3170 less
555 3122 699 3182 ambiguous
709 3138 716 3180 ς
733 3124 775 3171 but
788 3123 868 3172 wlrere
880 3123 948 3171 there
959 3123 979 3170 is
990 3137 1022 3171 nc

112 3181 162 3229 fear
173 3181 200 3229 of
212 3182 354 3242 ambiguity‚
368 3182 419 3242 ejus
430 3181 476 3229 and
487 3183 527 3229 sci
537 3196 576 3229 are
587 3182 710 3241 generally
721 3181 789 3239 used,
802 3192 843 3230 not
855 3185 938 3244 ipsius.

142 3249 183 3293 *Α
194 3262 253 3306 very
264 3261 376 3294 common
390 3245 570 3295 construction:
587 3247 656 3296 amici
671 3263 747 3308 regen
759 3249 857 3295 oraim
868 3244 1025 3303 (description

113 3304 848 3416 qf⁵a8qonduriugstatetmmdacoccurranuorcccsrraruut.
867 3303 1042 3357 aestimas„

142 3428 182 3476 ’It
192 3428 270 3540 rqigbr
279 3428 333 3479 also
341 3428 406 3481 liare
417 3431 483 3482 been
493 3449 530 3483 so.
