2274 3772
111 181 171 237 820
375 199 415 239 rra
439 200 546 241 oasrrs
567 199 750 241 irrumat.

111 305 240 376 irruperat
257 306 369 376 stipatus
386 308 531 361 satellitum
548 308 632 376 turba,
643 324 756 378 quorum
764 308 900 428 princeps
917 309 1025 363 Melea·

110 392 167 445 ger.
204 377 340 446 iratusque
363 377 490 430 Perdicca
512 376 568 446 hos,
592 378 636 446 qui
661 377 763 430 Alexan

111 445 219 515 vellent,
238 456 361 515 sevocat,
385 447 432 498 sed
451 448 495 516 qui
514 448 658 516 irmperant
677 447 781 498 eminus
800 447 856 499 tela
879 463 909 498 rn
933 464 1024 516 ipsum

110 513 253 584 jaciebant.
289 515 437 585 Multisque
458 516 608 585 vulneratis,
632 515 740 569 tandem
764 517 883 568 seniores
906 515 1024 585 demptis

110 584 203 654 galeis,
216 601 268 654 quo
280 584 386 637 facilius
402 585 475 637 nosci
494 594 606 654 possent,
620 585 729 654 precari¹
748 586 792 652 qui
811 602 876 637 cum
896 585 1024 639 Perdicca

111 662 185 705 erant
197 671 317 724 coepere,
330 664 359 707 ut
370 655 528 707 absisterent
541 653 617 720 bello,
631 653 740 732 regique
758 665 785 705 et
802 654 926 724 pluribus
943 655 1021 708 cede·

785 378 805 429 ri
828 394 940 457 corpus¹
955 379 1024 431 tueri

111 731 178 775 rent.
222 723 328 777 Primus
356 722 483 776 Perdicca
511 740 585 775 arma
614 722 736 792 deposuit
743 739 751 792 3
780 724 920 793 ceterique
951 723 1023 777 idem

110 790 209 844 fecere.
245 792 383 860 Meleagro
401 792 497 846 deinde
516 791 652 861 suadente,
671 808 706 844 ne
722 809 739 843 a
754 809 861 862 corpore
875 793 1022 846 Alexandri

111 860 289 931 discederent,
306 861 408 915 insidiis
425 861 514 914 locum
532 863 622 930 quaeri
643 863 699 929 rati,
715 860 821 914 diversa
837 862 931 930 regiae
950 873 1022 932 parte

110 930 146 983 ad
166 931 318 1010 Euphraten
334 931 426 1000 fugam
441 931 600 985 intendunt.2
628 926 781 1001 ‘Equitatuq
799 931 844 1000 qui
864 949 900 984 ex
918 931 1022 985 nobilis·

111 1000 186 1053 simis
202 1016 330 1070 Juvenum
342 1001 486 1069 constabat,
500 1001 656 1053 Perdiccam
673 1010 700 1052 et
718 1000 885 1053 Leonnatum
895 1000 1024 1070 frequens

111 1070 285 1139 sequebatur,
297 1071 472 1140 placebatque
483 1070 612 1122 excedere
621 1068 694 1138 urbe,
708 1079 734 1120 et
747 1069 856 1123 tendere
870 1070 898 1122 in
910 1071 1021 1140 campis

110 1138 162 1193 Sed
175 1139 302 1192 Perdicca
315 1157 347 1192 ne
360 1139 464 1209 pedites
476 1138 586 1208 quidem
598 1148 736 1192 secuturos
748 1140 834 1208 ipsum
846 1138 1022 1208 desperabat:

110 1209 200 1278 itaque
213 1207 414 1263 neabducendo
424 1209 537 1277 equites³
547 1208 683 1277 abrupisse
695 1225 711 1260 a
723 1218 813 1261 cetero
821 1210 941 1263 exercitu
951 1209 1023 1261 vide·

111 1288 188 1348 retur,
202 1279 229 1332 in
241 1279 307 1332 urbe
320 1278 448 1331 subsistit.

145 1353 187 1402 25.
206 1351 242 1402 At
260 1348 398 1416 Meleager
417 1364 507 1414 regern
526 1363 632 1401 monere
651 1363 701 1399 non
719 1345 828 1416 destitit,
843 1345 891 1417 jus
908 1347 1024 1417 imperii⁴

109 1417 254 1470 Perdiccae
275 1427 357 1470 morte
378 1416 549 1469 sanciendum
571 1431 646 1469 esse:
671 1416 698 1467 ni
717 1425 861 1486 occupetur
881 1418 1025 1486 impotens⁶

109 1486 223 1552 animus,
243 1504 285 1538 res
301 1495 473 1539 novaturum:
493 1487 649 1538 meminisse
668 1502 729 1538 eum
747 1485 810 1554 quid
829 1484 865 1538 de
886 1503 950 1554 rege
970 1503 1024 1539 me·

110 1555 224 1624 ruisset,⁶
243 1556 377 1607 neminem
397 1564 487 1606 autern
506 1555 532 1606 ei
544 1555 609 1606 satis
628 1555 710 1607 fidum
729 1572 796 1624 esse,
812 1571 896 1623 quern
913 1564 1024 1609 metuat.

108 1623 165 1677 Rex
177 1624 326 1692 patiebatur
339 1625 430 1692 magis,
444 1640 526 1691 quarn
537 1624 738 1676 assentiebatur.
776 1625 870 1693 [taque
883 1625 1024 1693 Meleager

109 1692 244 1747 silentium
268 1708 314 1762 pro
338 1693 450 1762 imperio
473 1691 573 1762 habuit,
596 1694 721 1762 misitque
746 1693 813 1761 regis
836 1694 957 1763 nomine,
980 1695 1024 1764 qui

110 1761 264 1815 Perdiccam
276 1770 451 1815 accerserent.
487 1761 586 1814 lisdem
604 1763 768 1831 mandatum,
782 1772 810 1815 ut
821 1763 988 1833 occiderent,
1000 1762 1024 1815 si

109 1832 199 1884 venire
229 1832 371 1886 dubitaret.
409 1831 545 1901 Perdicca,
570 1833 688 1884 nuntiato
719 1832 863 1903 satellitum
894 1832 1023 1900 adventu,

109 1901 244 1954 sexdecim
264 1901 371 1954 omnino
384 1902 472 1970 pueris
485 1903 573 1968 regiae
586 1900 701 1953 cohortis
712 1902 864 1955 comitatus⁷
882 1903 910 1955 in
929 1902 1024 1955 limine

109 1971 205 2024 domus
228 1989 293 2024 suae
313 1973 435 2039 constitit,
457 1971 657 2039 castigatosque,
678 1979 704 2023 et
728 1971 860 2038 Meleagri
886 1972 1024 2040 mancipia

110 2041 255 2094 identidem
276 2041 422 2110 appellans,
440 2041 478 2092 sic
497 2041 579 2092 animi
592 2039 733 2108 vultusque
751 2042 900 2092 constantia
921 2041 1022 2110 terruit,

109 2123 138 2163 ut
157 2111 201 2162 vix
221 2113 318 2162 mentis
341 2120 477 2178 compotes
500 2111 629 2177 sugerent.
667 2110 792 2162 Perdicca
815 2126 913 2178 pueros
936 2127 1023 2179 equos

107 2179 183 2249 jussit
202 2179 388 2247 conscendere,
406 2188 510 2230 etcum
528 2180 619 2247 paucis
637 2179 782 2231 amicorum
800 2179 834 2230 ad
853 2179 1023 2232 Leonnatum

108 2249 236 2327 pervenit,
256 2248 311 2316 jam
332 2248 445 2300 firmiore
467 2248 596 2315 praesidio
617 2249 670 2300 vim
693 2248 897 2328 propulsaturus,
919 2248 941 2300 si
963 2249 1024 2318 quis

108 2317 224 2369 inferret.
263 2318 379 2369 Postera8
398 2316 442 2369 die
462 2317 570 2384 indigna
593 2334 635 2369 res
657 2317 850 2370 Macedonibus
870 2318 1022 2386 uniebatur,

109 2386 264 2440 Perdiccam
278 2387 312 2439 ad
325 2388 416 2439 mortis
427 2386 572 2455 periculum
586 2387 738 2456 adductum,
751 2396 778 2439 et
790 2387 925 2455 Meleagri
939 2397 1024 2442 teme·

109 2457 213 2510 ritatem
234 2457 315 2509 armis
334 2456 419 2508 ultum
441 2459 477 2507 ire
497 2457 677 2509 decreverant.
714 2460 801 2525 Atque
822 2456 867 2508 ille
888 2457 1023 2509 seditione

108 2528 220 2596 provisa,
233 2544 295 2579 curn
308 2543 398 2593 regem
411 2525 517 2594 adisset,
534 2527 692 2593 interrogare
710 2544 772 2578 eum
791 2527 888 2595 coepit,
907 2543 942 2578 an
962 2527 1024 2578 Per·

109 2594 214 2648 dicaam
233 2595 422 2666 comprehendi
441 2597 498 2664 ipse
516 2595 646 2664 jussisset.
683 2595 731 2648 Ille
743 2595 875 2664 Meleagri
893 2595 1024 2648 instinctu

211 2699 223 2702 „a
232 2696 375 2703 ,..-.-.-

137 2743 250 2861 ²‘S'lihblpi
257 2762 331 2850 diicat
344 2803 405 2851 their
416 2803 485 2863 flight
501 2803 563 2850 from
579 2802 620 2850 the
636 2803 745 2862 opposite
755 2817 783 2850 or
794 2800 858 2850 back
872 2812 927 2861 part
939 2802 969 2850 of
981 2802 1024 2851 the

108 2861 410 2930 palanetowardstheEu
428 2863 525 2910 brutes’
845 2919 850 2929 ι
897 2920 903 2929 ι

138 2926 147 2949 ²
158 2920 220 2967 This
231 2931 367 2968 accusative
379 2879 480 2982 beibngs
492 2932 516 2968 to
527 2922 586 2968 both
597 2923 668 2968 verbs
679 2923 792 2968 between
802 2919 884 2967 which
896 2930 915 2967 rt
927 2920 1023 2969 stands.

137 2986 146 3008 ⁴
159 2980 229 3028 ‘The
240 2979 304 3039 right
316 2980 343 3026 of
355 2981 393 3028 his
404 2992 561 3040 government
569 2982 585 3037 ς’
604 2981 656 3028 that
668 2980 696 3036 is,
710 2980 747 3027 his
758 2979 820 3040 right
832 2995 859 3026 as
872 2979 941 3040 king.

138 3040 191 3087 tim
221 3048 271 3086 tens
284 3039 340 3085 here
353 3055 436 3087 means
450 3041 612 3094 ‘ambitione’
626 3038 751 3087 inasmuch
763 3055 789 3087 us
800 3038 921 3086 ambition
934 3039 1025 3087 makes

108 3114 165 3146 men
176 3101 190 3146 b
203 3098 242 3146 ind
252 3098 277 3145 in
287 3098 372 3157 regard
383 3109 408 3145 to
420 3100 461 3146 the
472 3100 522 3146 real
533 3108 616 3147 extent
627 3098 654 3145 os
666 3099 729 3146 their
739 3113 795 3145 own
809 3112 901 3157 power.

136 3177 144 3200 ⁸
157 3171 272 3230 Namely‚
286 3173 345 3218 mule
355 3173 447 3225 meruit,
458 3189 555 3232 poenum
565 3180 704 3231 mortemque
712 3172 805 3218 meruit.
872 3173 873 3177 ’

138 3243 371 3303 '‘Accompanied!
404 3243 466 3290 This
482 3243 605 3303 participle
621 3244 649 3291 of
665 3243 707 3291 the
728 3242 848 3302 deponent
863 3244 963 3293 moriter
978 3241 1025 3293 hus

108 3301 196 3350 almost
208 3304 300 3364 always
311 3320 325 3351 a
336 3302 430 3363 passive
444 3305 565 3364 meaning.
597 3303 644 3351 See
657 3303 737 3350 Grom.
749 3303 763 3354 t
775 3305 826 3360 139,
839 3310 898 3351 note
909 3306 933 3351 2.
1002 3351 1009 3368 ,

133 3381 142 3408 ¹
153 3376 257 3429 Curtius
268 3394 327 3430 uses
337 3385 431 3444 postero
440 3377 480 3426 die
488 3375 566 3425 much
572 3373 798 3432 marciacensem,
