2274 3772
137 163 194 220 lte
398 177 437 216 os
460 177 567 217 carris
589 178 773 219 sssxsrrnm.

135 286 248 354 exuitur,
262 284 327 337 deos
338 285 441 354 patrios,
453 285 573 354 gentium
591 284 649 354 jura
666 288 844 356 nequicquam
863 287 933 356 apud
953 285 1053 339 surdas

135 373 215 409 aures
239 355 385 407 invocabat.
429 355 479 406 Per
499 355 607 411 ultimos
626 354 725 408 deinde
745 358 884 426 oniciatus,
905 365 998 425 utpote
1021 365 1052 408 et

136 426 285 492 damnatus,
295 435 321 476 et
335 424 448 476 inimicis
460 425 484 476 in
498 424 610 491 gratiam
625 425 694 492 regis
706 427 895 495 torquentibus,
905 425 1052 479 laceratur.

136 496 178 548 Ac
196 495 279 562 primo
296 510 459 562 quamquam
477 493 539 546 hinc
558 494 633 562 ignis,
653 494 724 547 illinc
736 496 854 564 verbera,
867 495 921 565 jam
939 511 993 548 non
1012 495 1052 548 ad

136 563 328 632 quaestionem,
342 562 388 614 sed
401 562 435 615 ad
448 580 560 632 poenam
580 562 774 631 ingerebantur,
788 582 839 617 nou
851 582 945 617 vocem
957 563 1051 634 modo,

138 632 280 685 sedetiam
294 633 412 700 gemitus
432 632 524 684 habuit
543 633 568 684 in
590 641 735 702 potestate5
753 633 800 686 sed
819 644 959 704 postquam
978 634 1052 688 intu-

136 718 263 755 mescens
284 718 379 770 corpus
403 701 536 753 ulceribus
559 701 722 768 flagellorum
748 705 816 755 ictus
838 705 918 756 nudis
941 703 1054 756 ossibus

137 772 257 824 incussos
277 772 344 823 ferre
364 788 415 822 non
439 780 547 841 poterat,
569 771 590 822 si
616 773 753 824 tormentis
772 772 915 825 adhibituri
936 773 1053 825 modum

138 850 235 910 essent,
252 841 383 893 dicturum
403 857 440 909 se,
456 857 525 908 quae
545 841 612 892 scire
630 852 794 909 expeterent,
814 842 957 910 pollicetur.
977 841 1051 894 'Sed

137 909 219 963 finem
243 910 391 979 quaestioni
415 909 477 978 fore,
499 909 587 979 jurare
612 927 657 963 eos
687 928 734 981 per
757 911 901 965 Alexandri
931 911 1053 964 salutem

138 979 250 1043 volebat,
265 978 448 1048 removerique
460 989 577 1032 tortores.
604 980 638 1032 Et
651 989 760 1049 utroque
773 981 920 1050 impetrato,¹
931 982 1050 1045 Cratero,

138 1050 230 1118 inquit,
248 1049 293 1101 dic
311 1049 373 1118 quid
395 1066 439 1102 rna
458 1049 524 1101 velis
541 1049 639 1101 dicere.
676 1050 723 1102 lllo
745 1049 896 1119 indignante
917 1050 1052 1103 ludificari

138 1135 210 1188 eum,
236 1135 375 1188 rursusque
400 1128 540 1171 revocante
564 1127 681 1187 tortores,
703 1128 810 1188 tempus
852 1133 924 1172 etere
948 1119 1047 1189 coepit,

138 1187 203 1242 dum
216 1190 345 1258 reciperet
363 1188 492 1258 spiritum,
506 1197 601 1240 cuncta
613 1206 683 1258 quae
701 1189 779 1242 sciret
797 1137 969 1243 intilcaturur.
1007 1189 1051 1243 ln·

139 1258 214 1312 terim
228 1261 338 1327 equites,
352 1257 530 1312 nobilissimus
541 1258 662 1328 quisque,
675 1267 701 1311 et
714 1259 730 1310 ii
744 1260 868 1327 maxime,
881 1259 927 1327 qui
940 1259 1051 1311 Parme·

139 1329 244 1381 trionem
263 1329 407 1397 propinqua
425 1327 581 1395 cognatione
599 1327 793 1396 contingebant,
807 1340 945 1398 postquam
959 1327 1050 1380 Philo-

138 1409 192 1450 tam
207 1398 321 1466 torqueri
334 1397 406 1448 fama
418 1397 579 1464 vulgaverat,
593 1397 682 1465 legem
700 1397 880 1450 Macedonum
893 1397 979 1464 veriti,
993 1413 1051 1466 qua

139 1475 248 1518 cautum
267 1474 330 1533 erat,
351 1473 378 1517 nt
397 1465 534 1534 propinqui
553 1483 652 1532 eorum,
671 1468 716 1535 qui
738 1467 790 1534 regi
812 1467 930 1519 insidiati
948 1475 1049 1536 assem,

138 1551 200 1587 cum
214 1535 278 1603 ipsis
289 1545 452 1604 necarentur,
463 1533 508 1586 alii
521 1552 550 1586 se
564 1536 728 1605 interficiunt,
742 1536 787 1588 alii
800 1537 826 1589 in
838 1537 930 1589 devios
942 1544 1051 1589 montes

138 1613 282 1672 vastasque
302 1603 455 1656 solitudines
467 1603 578 1674 fugiunt,
592 1605 756 1674 ingenti'per
773 1614 827 1658 tota
845 1616 931 1658 castra
950 1615 1050 1658 terrore

139 1672 253 1741 diffus03
279 1671 364 1725 donec
388 1690 442 1742 rex,
468 1674 583 1727 tumultu
610 1674 720 1743 cognito,
746 1673 835 1744 legem
857 1676 891 1728 de
917 1675 1050 1744 supplicio

138 1742 336 1811 conjunctorum
350 1743 496 1805 insontibus
509 1745 641 1796 remittere
653 1744 745 1796 edixit.

173 1817 215 1865 43.
234 1811 352 1866 Philotas
369 1829 466 1865 verone
489 1830 522 1865 an
547 1814 686 1866 mendacio
710 1813 821 1866 liberare
842 1831 871 1866 se
892 1831 909 1866 a
928 1814 1050 1873 cruciatu

138 1881 257 1951 voluerit,
271 1899 371 1952 anceps
387 1881 537 1952 conjectura
554 1896 603 1952 est,
616 1883 739 1952 quoniam
753 1893 780 1936 et
792 1900 854 1935 vera
871 1882 1007 1951 confessis
1021 1892 1050 1936 et

139 1951 366 2005 falsa-dicentibus
378 1952 448 2004 idem
461 1952 625 2005 dolorisfinis
632 1952 778 2005 ostenditur
787 1955 803 2004 :¹
818 1961 945 2019 ceterum,
959 1951 1047 2024 Pater,

138 2021 230 2089 inquit,
245 2039 320 2073 meus
339 2021 492 2089 Hegelocho
505 2039 584 2090 quam
598 2023 761 2074 familiariter
774 2040 837 2076 usus
855 2023 896 2087 sit,
911 2039 960 2074 non
974 2023 1048 2090 igno-

139 2092 215 2142 ratis:
236 2089 308 2142 illurn
328 2090 386 2142 dico
404 2091 595 2159 Hegelochum,
609 2091 693 2160 quiin
711 2092 768 2143 acie
787 2092 909 2145 cecidit:2
926 2093 1049 2145 omnium

138 2159 265 2211 malorum
288 2158 364 2210 nobis
377 2159 526 2211 fuitoausa.
561 2161 632 2213 Nam
650 2179 712 2213 cum
734 2163 850 2229 primum
868 2161 942 2215 Jovis
959 2161 1047 2214 filium

138 2245 168 2280 sa
191 2228 298 2279 salutari
320 2227 408 2297 jussit⁸
432 2245 484 2298 rex,
507 2229 531 2280 id
557 2229 665 2297 indigne
686 2229 775 2283 ferens
798 2232 851 2300 ille,
873 2231 943 2283 hunc
967 2230 1048 2298 igitur

138 2315 225 2366 regem
250 2299 420 2365 agnoscimus
452 2298 544 2367 inquit,
566 2300 611 2367 qui
636 2298 786 2369 Philippum
810 2301 977 2368 dedignatur‘
999 2317 1047 2370 pa-

139 2368 224 2420 treml
242 2377 332 2419 actum
351 2377 391 2419 est
410 2337 443 2419 tle
463 2367 547 2437 nobis,
568 2370 588 2420 si
608 2369 658 2420 ista
677 2371 779 2438 perpeti
799 2387 947 2440 possumus.
984 2370 1047 2423 Non

137 2436 259 2490 homines
279 2438 372 2504 solnm,
388 2436 435 2491 ssd
455 2438 535 2490 etiarn
557 2439 622 2489 deos
640 2438 760 2508 despicit,
780 2441 824 2509 qui
844 2439 957 2510 postolat
976 2439 1047 2492 deus

136 2509 198 2560 cred
204 2509 230 2560 i.⁵
265 2507 413 2560 Amisimus
425 2508 614 2576 Alexandrum,
628 2510 768 2561 amisimus
780 2527 886 2578 regem,
902 2508 1048 2562 incidimus

136 2577 161 2628 in
181 2577 339 2646 snperbiam,
354 2595 403 2629 nec
421 2578 480 2646 diis,
494 2578 588 2647 quibus
607 2595 637 2630 se
656 2588 795 2648 exaequat,
814 2597 865 2631 nec
885 2578 1045 2648 hominibus,

135 2646 231 2712 quibus
255 2664 284 2698 se
309 2648 409 2717 eximit,
436 2647 610 2702 tolerabilem.
654 2649 784 2701 Nostrone
809 2649 936 2716 sanguine
960 2648 1044 2701 deum

135 2713 257 2782 fecimus,
279 2717 323 2784 qui
348 2733 395 2768 nos
418 2716 555 2770 fastidiatl
581 2718 625 2786 qui
649 2726 772 2785 gravetur
792 2718 943 2770 mortalium
968 2717 1045 2770 adire

135 2783 298 2836 conciliant
341 2785 446 2837 Credite
476 2787 550 2856 mihi,
575 2797 602 2840 et
626 2804 680 2853 nos,
706 2787 727 2839 si
751 2787 799 2839 viri
829 2805 929 2854 sumus,
953 2804 969 2838 a
992 2786 1048 2840 diis

164 2958 171 2980 ¹
183 2951 245 3002 This
257 2952 276 2999 is
288 2968 302 2999 a
312 2967 371 3012 very
382 2952 485 3013 striking
495 2955 599 3009 remarlr,
614 2955 659 3002 and
671 2926 760 3062 olearlp
770 2955 854 3005 shows
866 2955 906 3002 the
918 2953 1046 3023 absurdity

134 3010 162 3060 of
169 3011 210 3059 the
222 3027 264 3058 use
275 3011 303 3058 of
310 3021 400 3059 turture
412 3028 438 3060 as
449 3028 463 3060 a
474 3029 557 3061 means
568 3013 708 3075 ofcliciting
718 3015 741 3063 in

133 3088 148 3121 a
158 3069 301 3120 confession.

149 3137 172 3202 ι’
183 3129 304 3189 Probably
315 3129 339 3177 in
356 3129 396 3176 the
412 3129 487 3198 battle
504 3131 532 3177 of
544 3131 644 3199 Arbela,
658 3149 685 3181 as
701 3133 856 3181 commender
867 3133 895 3181 of
906 3148 950 3181 one
962 3132 990 3181 of
1002 3132 1046 3182 ths

133 3188 658 3316 erglpvterqqppeqppplchqqqreqqelcrprglptequse
670 3251 718 3299 this
729 3251 809 3299 action
820 3252 840 3299 is
852 3251 988 3311 completcd
999 3252 1043 3300 be-

133 3308 182 3358 fore
194 3308 234 3355 the
247 3320 303 3356 next
315 3309 345 3355 be
364 3322 416 3364 ms;
433 3309 475 3355 but
484 3322 526 3355 see
539 3309 618 3357 Grcm.
631 3310 644 3361 i
655 3313 707 3358 334.

161 3374 170 3397 ⁴
182 3367 322 3415 ‘Considera
334 3366 353 3414 P
373 3365 414 3425 ilip
425 3366 552 3427 unworthy
564 3378 589 3416 to
601 3370 630 3416 bs
641 3369 679 3417 his
690 3369 785 3417 father!
920 3414 922 3419 ,

162 3426 217 3475 'As
227 3435 252 3474 to
263 3426 311 3474 this
321 3426 486 3474 construction
496 3425 524 3475 of
532 3429 661 3488 portame,
674 3443 716 3478 sse
727 3428 825 3490 Zumpt,
838 3429 852 3482 i
862 3431 915 3487 613,
927 3437 992 3480 uoto.

752 3015 871 3063 ormation
882 3029 909 3063 or
919 3015 1047 3076 obtaining
