2274 3772
91 107 151 163 2⁴8
360 121 399 160 rra
423 121 529 163 essars
550 122 731 163 arannem.

91 229 163 285 haud
180 247 259 283 secus
279 228 463 283 bacchantium
481 230 702 300 ululantiumque¹
715 230 822 285 fremitu
834 234 1008 304 perterritus,

91 316 171 370 quam
184 300 206 352 si
220 299 403 367 proeliantium
416 300 514 352 clamor
526 310 597 353 esset
608 302 725 352 auditus.
762 300 865 355 Eadem
886 301 1009 355 felicitas

91 368 128 423 ab
144 369 249 422 Oceano
268 377 430 421 revertentes
448 370 607 423 temulentos
623 370 849 438 comissantesque
867 371 939 425 inter
959 390 1009 425 ora

91 436 205 491 hostiurn
219 438 292 491 texit.

125 508 306 560 antuman
326 511 468 575 regionem,
482 526 551 578 qnae
571 507 689 561 Daedala
708 518 821 576 vocatur,
840 519 1005 577 perventum

91 586 140 630 eut.
185 578 362 631 Desemerant
387 578 490 630 incolae
515 578 601 645 sedes,
620 587 646 630 et
674 579 699 629 in
720 578 794 629 avios
810 577 1007 649 silvestresque

91 655 196 713 moptes
215 645 397 714 confugerant.
432 647 500 714 Ergo
521 647 634 714 Acadira
651 647 749 716 transit,
769 663 856 715 aeque
876 658 955 701 vasta
977 661 1006 703 et

91 716 218 771 destituta
229 715 401 769 incolentium
413 713 485 783 fuga.
522 717 613 786 Itaque
627 717 753 768 rationem
773 716 836 768 belli
853 719 1007 772 necessitas

91 786 211 839 mutavit.
255 786 353 839 Divisis
376 786 447 836 enirn
473 785 563 855 copiis,
589 785 709 854 pluribus
732 785 811 837 simul
835 785 903 838 Iocis
925 804 1005 841 arma

90 856 213 923 ostendit,
232 855 403 923 oppressique
429 855 473 906 uhi
500 871 550 906 non
572 865 776 923 expectaverant
795 858 908 925 hostem,
927 858 1004 911 omni

91 922 168 978 clade
180 924 318 993 perdomiti
332 933 400 975 sunt.
431 924 598 976 Ptolemaeus
610 923 737 991 plurimas
748 923 835 991 urbes,
846 924 1004 979 Alexander

91 993 223 1045 maximas
240 995 325 1061 cepit:
346 1002 496 1061 rursusque,
516 1010 582 1061 quas
599 993 776 1061 distribuerat,
795 995 885 1061 copias
901 994 1002 1063 junxit.

91 1060 217 1129 Superato
235 1062 331 1114 deinde
350 1061 469 1130 Choaspe
487 1063 586 1130 amne,2
597 1063 702 1115 Coenon
724 1062 751 1114 in
770 1061 908 1115 obsidione
928 1065 1004 1119 urbia

91 1132 232 1200 opulentae
246 1132 362 1199 (Beiram
375 1131 476 1182 incolae
490 1135 595 1201 vocant)
608 1131 727 1199 reliquit:
747 1132 804 1200 ipsc
821 1131 855 1185 ad
867 1133 1003 1203 Mazagas

90 1200 172 1253 venit.
216 1202 307 1270 Nuper
330 1203 474 1268 Assacano,
498 1200 576 1270 cujus
599 1218 708 1268 regnum
732 1200 824 1270 Inerat,
848 1200 1000 1267 demortuo,

91 1270 206 1338 regionio
229 1271 341 1339 urbique
366 1282 484 1338 praeerat
509 1279 593 1323 mater
616 1270 674 1339 ejus
696 1269 827 1337 Cleophis.
862 1272 1001 1327 XXXVIII

91 1338 164 1391 milia
184 1339 304 1408 peditum
326 1339 466 1391 tuebantur
484 1339 585 1407 urbem,
600 1356 649 1391 non
670 1339 720 1391 situ
741 1339 895 1407 solum„sed
915 1342 1001 1397 etiam

88 1424 168 1477 opere
180 1410 318 1461 munitam.
354 1409 423 1459 Nam
444 1425 497 1476 qua
516 1419 618 1476 spectat
638 1408 780 1476 Orientem,
793 1409 1002 1474 cingituramne

88 1476 203 1546 torrenti,
216 1478 260 1545 qui
275 1477 420 1544 praeruptis
433 1478 563 1544 utrimque
576 1478 639 1545 ripis
657 1478 761 1530 aditum
778 1477 811 1529 ad
832 1477 927 1533 urbem
950 1484 1001 1535 im·

88 1542 170 1615 pedit.
206 1545 248 1599 Ad
260 1544 432 1598 Occidentem
445 1556 471 1597 et
484 1563 501 1596 a
512 1546 626 1599 Meridie
640 1547 711 1600 velut
724 1547 758 1598 de
772 1545 898 1599 industria
918 1566 1002 1619 rupes

87 1614 218 1684 praealtas
235 1613 362 1668 admolita
381 1624 473 1666 natura
492 1616 552 1681 est,a
563 1615 630 1668 infra
650 1633 717 1685 quas
735 1633 864 1668 cavernae
882 1625 911 1669 et
924 1635 1002 1673 vora·

87 1684 165 1752 gines
180 1683 258 1753 longa
270 1692 402 1736 vetustate
420 1685 445 1736 in
463 1685 546 1737 altum
566 1695 676 1737 cavatae
693 1685 789 1755 jacent,
802 1701 909 1754 quaque
927 1688 1001 1743 desi·

88 1762 160 1822 nunt,
186 1753 257 1806 lossa
287 1754 400 1822 ingentis
428 1755 515 1823 operis
544 1755 650 1824 objecta
675 1765 724 1807 eet.
760 1754 855 1809 XXXV
877 1756 999 1813 stadium

87 1839 180 1877 murus
201 1825 295 1878 urbem
318 1822 508 1894 complectitur,
528 1823 604 1893 cujus
626 1824 747 1877 inferiora
770 1840 841 1893 saxo,
860 1827 1000 1894 superiora

86 1893 167 1946 crudo
192 1893 275 1947 latere
299 1902 360 1946 sunt
384 1903 490 1946 structa.
527 1894 613 1950 Lateri
639 1893 773 1946 vinculum
798 1893 900 1962 lapides
925 1904 999 1966 snnt,

87 1979 154 2030 quos
176 1963 363 2031 interposuere,
384 1973 412 2016 ut
435 1963 529 2015 duriori
550 1963 677 2015 materiae
701 1963 800 2030 fragilis
817 1962 997 2036 incumberet,

86 2031 220 2099 simulque
244 2041 313 2084 terra
336 2031 446 2083 humore
469 2033 572 2084 diluta.⁴
605 2035 648 2085 Ne
672 2041 762 2084 tamen
786 2033 909 2084 universa
934 2051 999 2089 con·

86 2099 191 2166 uideret,
206 2100 343 2168 impositae
356 2112 429 2152 erant
443 2102 531 2153 trabes
543 2101 645 2153 validae
658 2103 754 2170 quibus
765 2101 862 2170 injecta
873 2100 999 2158 tabulata

85 2184 174 2221 muros
192 2177 218 2220 et
236 2168 369 2236 tegebant,
389 2178 416 2220 et
453 2170 537 2222 ervios
556 2171 695 2222 l'ecerant.⁶
730 2171 803 2223 Haec
827 2170 998 2227 munimenta

84 2236 308 2306 contemplantem
326 2187 516 2307 AlexanIr'um,
536 2240 689 2309 consiliique
708 2240 845 2308 incertum,
859 2240 925 2308 qnia
944 2259 997 2297 nec

83 2322 212 2359 cavernas
235 2306 285 2359 nisi
307 2323 404 2374 aggere
428 2317 528 2375 poterat
551 2309 661 2376 implere
688 2327 739 2362 nec
763 2318 893 2361 tormenta
915 2311 997 2366 aliter

83 2376 165 2430 muris
188 2377 337 2444 admovere,
362 2375 471 2444 qnidam
495 2395 510 2429 e
534 2395 607 2430 muro
631 2378 726 2447 sagitta
749 2379 885 2447 percussit
922 2380 996 2436 Turn

84 2446 149 2498 Iorte
163 2446 290 2499 insuram
309 2446 397 2499 incidit
417 2448 514 2499 telum:
534 2447 609 2516 cujus
627 2448 726 2516 spiculo
745 2448 841 2515 evolso,
854 2448 996 2504 admoveri

83 2531 183 2582 equum
199 2516 290 2585 jussit,
309 2533 360 2584 quo
373 2525 473 2587 vectos,
488 2534 520 2569 ne
533 2516 647 2584 obligato
666 2517 774 2586 quidem
787 2517 904 2586 vnlnere,
919 2519 995 2574 haud

83 2583 190 2650 segnius
202 2585 334 2638 destinata
346 2585 535 2654 exequebatur.
571 2587 694 2639 Ceterum
713 2604 774 2640 curn
791 2603 852 2639 crus
869 2589 994 2643 saucium

112 2704 119 2726 ¹
132 2698 205 2768 Ulubr
216 2702 262 2750 ond
273 2703 299 2750 Io
310 2703 397 2752 Bacche
407 2720 469 2751 were
483 2704 523 2752 the
534 2708 604 2756 usual
620 2709 681 2758 cries
697 2709 725 2758 cI
736 2710 805 2759 those
822 2710 952 2772 employed
970 2714 996 2764 in

83 2755 230 2826 celebrutrng
241 2777 254 2808 a
265 2761 360 2810 festival
372 2763 394 2810 in
407 2762 498 2811 honour
509 2764 537 2811 ol'
549 2764 667 2816 Bocchus.

113 2814 247 2866 ‘Belreved
264 2831 288 2867 ro
309 2822 338 2868 be
356 2821 396 2869 the
416 2822 514 2871 modern
533 2823 637 2883 Kumeh,
657 2827 737 2876 which
758 2829 819 2879 rises
840 2844 929 2892 among
951 2832 994 2883 the

82 2875 194 2925 northern
207 2880 352 2934 mountains,
366 2880 411 2929 nnd
423 2881 477 2933 IuIIs
489 2883 539 2931 into
550 2884 590 2932 the
604 2885 683 2935 Cobul
694 2887 813 2995 (Cophen).

110 2934 239 2985 ⁸‘Nature
255 2935 307 3005 hus,
326 2954 352 2986 ue
369 2940 390 2987 if
406 2938 572 3003 intentionalty'
589 2943 634 2999 (for
648 2946 689 2994 the
706 2946 736 2995 de

81 2993 160 3043 raised
170 3008 202 3054 up
213 3010 272 3054 very
283 2995 341 3056 hrgh
352 2999 441 3048 rocks!

110 3053 181 3103 ‘Our
196 3054 283 3123 author
298 3070 355 3102 uses
372 3058 412 3104 the
425 3059 489 3108 word
504 3061 605 3117 ‘earth'
623 3072 694 3122 terra,
713 3065 737 3114 in
755 3066 867 3128 general;
884 3068 929 3117 but
948 3070 993 3120 the

79 3112 209 3172 partIcuIar
220 3113 278 3161 krnd
289 3129 338 3161 was
350 3114 412 3174 clay,
428 3117 500 3171 lnam.
513 3122 601 3181 argilla
613 3124 692 3179 limus,

109 3177 197 3238 'Upon
213 3178 339 3249 the-stone
356 3181 412 3227 wall
423 3197 487 3230 were
504 3184 552 3232 laid
570 3195 637 3234 stron
670 3189 763 3246 baama,
776 3188 824 3238 and
841 3204 873 3239 on
888 3192 961 3242 these
977 3211 994 3245 a

79 3237 180 3285 wooden
191 3247 297 3286 erectron
308 3253 360 3286 was
376 3241 456 3296 made,
469 3242 548 3290 which
564 3203 654 3294 serreI
661 3247 721 3296 both
731 3264 759 3296 os
769 3264 785 3296 a
794 3259 844 3298 sort
855 3248 884 3299 os
895 3252 953 3301 roos
965 3263 993 3304 to

74 3294 118 3343 rho
126 3296 183 3346 wall
191 3297 240 3347 end
251 3313 278 3348 os
288 3313 303 3348 a
313 3313 397 3348 means
405 3299 433 3348 ol
440 3302 653 3355 communicaticn.
675 3304 907 3370 Maecenatiana.
916 3311 993 3364 when

62 3369 79 3404 a
85 3369 180 3416 person
190 3375 239 3410 can
248 3376 282 3424 go
292 3359 355 3412 from
367 3377 415 3413 one
425 3372 481 3427 part
491 3372 519 3413 to
529 3363 643 3414 another.

746 2963 805 2996 erice
822 2947 850 2996 ol
861 2947 904 2998 the
919 2950 992 3013 city),
