2274 3772
95 135 155 195 Μ
363 150 402 190 oa
426 150 532 205 osiris
553 148 737 204 anaxanuin.

96 267 252 332 portaverat,
271 257 318 312 sed
341 258 423 312 etiam
446 258 555 325 lamam,
575 258 631 310 sira
649 256 713 310 illud
733 253 887 324 triumphus
906 253 964 308 suit
982 253 1017 309 ab

96 344 131 383 eo
147 329 261 401 primum
286 328 438 397 institutus,¹
456 328 513 380 sive
531 326 718 379 bacchantium
736 325 815 392 lusus5
835 326 936 378 statuit
957 324 1016 377 imi·

97 398 297 467 tari,sntm0su
337 398 506 451 rhumanum
518 396 653 464 fastigium
666 395 743 447 elato.
779 394 867 462 Vicoe,
882 411 935 463 per
947 410 1016 474 quos

98 467 148 521 tter
164 475 227 534 erat,
246 465 303 519 flori
324 485 355 520 us
372 468 525 534 coronisque
543 467 622 518 sterni
640 464 723 534 jubet,
740 463 880 515 liminibus
897 464 1015 515 aedium

97 546 211 589 crateras
223 536 282 588 vino
296 536 420 606 repletas²
436 544 463 587 et
480 535 533 586 alia
548 534 662 587 eximiae
675 533 865 601 magnitudinis
877 549 949 584 vasa
962 531 1014 584 dis·

97 605 174 675 poni3
197 604 321 657 vehicula
339 605 437 658 deinde
455 604 656 672 constrata‚³'ut
679 602 768 671 plnres
791 618 889 670 capere
908 602 1016 655 milites

98 681 211 744 possent,
226 675 252 727 in
266 675 492 727 tabernaculorum
507 675 614 724 modum
628 673 720 739 ornari,
733 671 786 722 alia
797 670 921 723 candidis
937 670 1013 738 velis,

97 742 153 797 alia
164 753 238 797 veste
273 745 376 796 retiosa.
413 743 493 796 Primi
513 743 585 795 ibant
597 741 677 794 amici
689 751 716 794 et
729 740 822 792 cohors
833 740 916 807 regia,
932 740 1015 792 variis

98 811 220 867 adimite
261 813 350 866 oribus
372 813 526 880 coronisque
535 814 553 878 ς*
576 811 639 862 alibi
664 810 802 863 tibicinum
820 818 926 875 cantus,
948 809 1014 862 alibi

99 880 173 951 lyrae
185 898 265 933 sonus
276 882 448 935 audiebatur:
468 881 532 933 item
545 881 571 933 in
584 880 714 932 vehiculis
731 895 776 948 pro
787 878 864 947 copia
876 877 1014 948 cujusque

98 950 232 1003 adornatis
249 951 477 1003 comissabundus⁶
495 950 633 1017 exercitus,
646 949 734 1016 armis,
748 965 816 1017 quae
829 949 955 1000 manime
967 949 1014 1000 de·

99 1034 161 1073 uota
178 1029 260 1087 erant,
279 1019 565 1089 circumpendentibus.
602 1019 690 1086 Ipsum
712 1018 893 1085 convivasque
916 1033 1016 1070 currus

99 1086 222 1157 rubebat,
236 1089 344 1141 crateris
360 1090 448 1141 aureis
465 1088 639 1157 ejusdemque
658 1088 784 1138 materiae
797 1085 958 1152 ingentibus
969 1101 1014 1155 po-

99 1156 167 1211 cttlia
178 1158 338 1227 praegravis.
375 1159 430 1210 Hoc
443 1158 520 1211 modo
533 1175 579 1226 per
590 1157 648 1208 dies
660 1167 762 1227 septem
782 1154 1014 1208 bacchabundum

99 1242 196 1297 agmen
209 1227 324 1295 incessit,
338 1236 430 1295 parata
442 1225 546 1305 praedaz
560 1227 580 1277 si
613 1226 656 1278 uid
671 1225 747 1277 victis
765 1224 859 1276 saltem
878 1223 1016 1278 adversus

99 1298 273 1350 comissantes
285 1296 367 1349 animi
384 1296 492 1348 suisset:
512 1296 585 1348 mille
594 1244 714 1363 laicale,
729 1295 775 1345 viri
789 1293 867 1346 modo
879 1302 905 1345 et
919 1293 1014 1363 sobrii,

100 1372 203 1435 septem
216 1365 316 1417 dierum
330 1367 436 1435 crapula
447 1382 542 1432 graves
555 1367 581 1417 in
593 1380 640 1417 sno
652 1363 785 1432 triumpho
803 1379 900 1431 capere
918 1373 1015 1432 potue·

102 1443 169 1487 runt.
205 1433 257 1486 Sed
275 1433 385 1501 fortuna,
398 1450 466 1502 quae
480 1434 557 1488 rebus
569 1434 668 1486 lamam
682 1434 847 1502 pretiumque
860 1433 1014 1500 constituit,

101 1501 151 1555 boo
162 1518 266 1570 quoque
277 1502 389 1554 militiae
398 1503 540 1570 probrum⁸
553 1505 628 1555 vertit
641 1504 666 1554 in
679 1502 797 1570 gloriam.
834 1502 867 1554 Et
881 1518 1016 1570 praesens

100 1579 176 1623 aetas
187 1580 213 1622 et
226 1571 364 1649 posteritas
374 1571 470 1623 deinde
483 1573 577 1623 mirata
590 1581 637 1640 est,
651 1588 699 1640 per
708 1581 802 1638 gentes
815 1571 934 1623 nondum
948 1571 1017 1624 satis

101 1638 215 1691 domitas
228 1639 368 1691 incessisse
382 1640 548 1708 temulentos,
563 1641 686 1710 barbaris,
701 1640 770 1710 quod
788 1641 927 1692 temeritas
946 1647 1015 1707 erat,

100 1706 224 1761 fiduciam
238 1724 298 1761 esse
311 1708 487 1761 credentibus.
524 1710 600 1762 Hunc
618 1720 771 1779 apparatum
785 1707 903 1761 carnifex
915 1724 1017 1778 aequa·

102 1777 194 1831 batur:
212 1778 311 1847 quippe
330 1787 448 1847 satrapes
460 1780 594 1846 Aspastes‚
609 1779 642 1831 de
656 1796 707 1849 quo
719 1788 781 1832 ante
793 1778 894 1830 dictum
907 1786 961 1843 est,
975 1777 1017 1831 in·

101 1845 184 1901 tatfici
201 1845 290 1915 jussus
308 1856 357 1899 est.
392 1847 468 1900 Adeo
487 1864 536 1900 nec
555 1849 673 1901 luxuriae
691 1850 834 1919 quicquam
851 1846 1016 1917 crudelitas,

101 1932 151 1970 neo
162 1916 312 1971 crudelitati
326 1916 427 1970 luxuria
439 1917 535 1969 obstat.

131 2059 137 2082 ¹
147 2052 201 2100 The
214 2053 299 2101 author
308 2053 364 2101 ltere
373 2070 500 2112 expresses
510 2070 539 2101 an
549 2055 645 2112 opinion
652 2054 704 2101 that
713 2053 754 2100 the
764 2054 895 2114 triumphas
903 2053 1019 2111 paculiar

102 2122 127 2159 to
138 2111 178 2159 tlte
191 2111 299 2160 Romans
310 2127 361 2160 was
372 2113 499 2173 originally
510 2129 524 2160 a
535 2114 615 2160 march
632 2113 660 2160 ol
671 2116 801 2161 Machoures
818 2110 864 2158 and
880 2111 1020 2162 instituted

102 2168 281 2275 byllrlllicecrllrurlre
293 2238 342 2275 two
352 2228 600 2297 forms-craierserts‚
614 2246 704 2287 masc.;
721 2229 767 2277 and
777 2237 919 2286 cratero-oe,
933 2228 998 2278 lem.

130 2291 140 2316 ⁸
152 2291 158 2313 ¹
168 2286 283 2334 Overlard
292 2287 308 2342 ;’
327 2289 431 2348 namely,
445 2289 504 2335 with
516 2289 610 2336 boards.

129 2347 191 2393 ‘An
204 2346 312 2393 instance
323 2346 351 2393 ol
362 2348 507 2404 latrocinati,
523 2347 648 2408 ‘garlanda
659 2347 687 2395 of
698 2347 811 2395 llowers!
843 2345 892 2393 See
910 2347 1020 2408 Zumpt,

102 2405 290 2532 lllslomewhat
301 2475 411 2523 stronger
422 2465 479 2532 than¹
489 2468 626 2534 remissaria
656 2465 703 2512 See
715 2475 779 2520 note,
792 2480 814 2511 v.
827 2466 864 2511 23.

129 2530 139 2553 ‘
153 2524 230 2571 ‘This
241 2523 349 2584 drsgrace
361 2523 388 2570 ol
395 2524 436 2571 the
448 2525 552 2584 military
564 2525 673 2572 service!
706 2523 787 2572 There
798 2538 842 2570 can
853 2525 884 2570 be
896 2538 930 2571 no
941 2539 1021 2584 ques·

102 2581 153 2629 tion
169 2582 221 2629 that
239 2582 338 2630 Curtius
351 2583 439 2643 judges
456 2595 496 2630 too
512 2583 609 2643 harshly
621 2584 686 2631 here.
718 2584 788 2630 Alter
799 2582 839 2629 the
851 2582 954 2630 terrible
966 2584 1023 2632 sul·

103 2640 193 2701 lerings
204 2640 231 2708 οξ
244 2641 284 2688 the
301 2642 382 2690 march
399 2643 502 2703 through
520 2643 560 2689 the
577 2643 666 2697 desert,
679 2641 817 2701 something
827 2642 1024 2712 extraordinary

103 2712 154 2747 was
165 2699 276 2767 required
291 2710 316 2747 to
331 2701 398 2748 drive
414 2702 474 2749 from
491 2700 531 2748 tlte
547 2705 728 2750 rememhrance
738 2701 766 2749 ol
778 2701 818 2748 the
834 2698 940 2749 soldiers
952 2701 1026 2751 theu·

102 2767 184 2807 recent
197 2773 315 2806 misertes.
