2274 3772
124 174 184 229 228
222 212 224 217 ι
392 189 431 228 uu
454 188 560 228 essars
582 188 767 228 senatuum.

126 314 244 365 uxorem,
258 297 307 348 nisi
319 297 466 366 prohibitus
477 307 547 350 esset
561 297 670 349 fratrum
682 297 741 366 ejus
757 314 875 350 occursu.
912 298 1037 350 Ceterum

125 367 199 420 abire
212 378 353 434 conspectu
371 367 454 436 jubet,
467 367 556 419 addito
575 378 647 420 metu
667 369 765 437 mortis,
780 369 802 419 si
820 385 848 418 se
867 367 949 419 oculis
967 367 1037 437 ejus¹

126 436 264 489 obtulisset
272 453 279 504 5
303 445 329 488 et
352 437 386 489 ad
409 437 570 489 desiderium
594 437 736 490 levandum
761 446 851 490 noctes
869 454 947 504 agere
969 438 1039 490 iuter

126 505 236 575 pellices
252 499 346 576 coepit.
383 506 433 559 Sed
452 509 559 576 penitus
577 508 689 559 haerens
705 525 779 560 amor
791 507 896 560 fastidio
914 524 1038 575 praesen·

127 575 205 628 tium²
217 592 346 628 accensus
358 585 407 629 est.
444 577 535 645 ltaque
555 593 642 628 rursus
659 577 706 628 nni
725 579 750 629 ei
768 577 881 645 deditus,
895 593 967 628 orare
986 593 1038 629 non

126 644 234 715 destitit,
249 654 277 696 ut
289 645 336 697 tali
347 646 455 699 oonsilio
466 646 618 714 abstineret,
632 651 817 717 patereturque
830 657 935 714 sortem,
944 662 1040 713 quam·

126 730 233 783 cunque
247 715 288 766 iis³
300 714 402 768 fortuna
415 716 536 768 fecisset:
550 716 600 768 sibi
613 725 724 768 mortem
738 717 872 769 deditione
885 733 944 768 esse
957 716 1040 768 levio·

127 800 193 837 rem.
230 788 265 837 At
289 785 335 838 illa
358 803 470 855 purgare
490 804 527 855 se,
549 784 619 854 quod
639 803 708 854 quae
728 787 803 838 utilia
824 804 883 838 esse
902 785 1042 837 censebst⁴

128 852 292 915 muliebriter
314 856 429 924 forsitan,
455 854 503 907 eed
526 855 579 907 fida
604 864 692 907 tamen
715 866 805 907 mente
830 857 972 907 suasisset:
1005 855 1042 906 de

128 933 216 976 cetero
229 923 345 977 suturam
362 925 390 977 in
408 925 458 977 viri
476 933 614 994 potestate.
651 925 824 995 Spitamenes,
838 924 960 977 simulato
979 941 1042 993 cap-

130 1002 172 1047 tus
191 993 326 1066 obsequio,
344 996 378 1047 de
397 995 441 1047 die
460 995 622 1047 convivium⁵
635 996 756 1064 apparari
773 995 847 1064 jubet
856 1013 863 1063 3
884 995 998 1061 vinoque
1014 1001 1043 1045 et

129 1063 217 1132 epulis
236 1066 332 1134 gravis,
352 1065 530 1117 semisomnus
553 1065 579 1116 in
602 1064 755 1117 cubiculum
779 1065 869 1116 fertur.
905 1064 991 1122 Quem
1012 1071 1043 1116 ut

128 1133 182 1186 alto
194 1143 221 1186 et
232 1135 306 1201 gravi
319 1151 411 1186 somno
423 1135 537 1203 sopitum
556 1150 617 1186 esse
635 1136 715 1187 sensit
733 1151 804 1202 uxor,
818 1133 945 1201 gladium,
959 1150 1041 1201 quem

128 1212 205 1256 veste
223 1204 410 1272 occultaverat,
429 1205 541 1271 stringit,
559 1212 691 1275 caputque
710 1203 769 1273 ejus
786 1205 928 1273 abscisum,
949 1219 1042 1256 cruore

130 1288 257 1342 respersa,
271 1291 346 1327 servo
359 1274 524 1327 suo-conscio
536 1273 658 1325 facinoris
671 1273 756 1325 tradit.

156 1348 207 1395 tt.
226 1344 329 1397 Eodem
347 1344 498 1410 comitante,
512 1343 589 1395 sicuti
608 1352 671 1411 erat,
684 1350 793 1395 cruenta
811 1352 892 1411 veste,
907 1343 933 1393 in
951 1343 1045 1393 Mace·

130 1411 229 1466 donum
253 1422 339 1466 eastra
362 1415 489 1482 pervenit,
511 1413 677 1514 nuntiarique
701 1414 852 1465 Alexandro
870 1413 952 1481 jubet,
973 1429 1044 1480 esee,

130 1499 254 1550 quae-ex
274 1484 331 1551 ipsa
349 1483 468 1535 'deberet
480 1498 632 1549 agnoscere.
687 1483 734 1534 Ille
758 1483 877 1552 protinus
900 1482 1045 1535 barbarum

129 1549 205 1620 jussit
224 1553 336 1605 admitti.
372 1552 460 1610 Quam
479 1561 507 1604 ut
528 1568 676 1620 respersam
695 1568 786 1604 cruore
807 1552 950 1621 conspexit,
972 1560 1046 1603 ratus

129 1620 164 1673 ad
189 1621 378 1691 deplorandam
402 1621 592 1674 contumeliam
616 1622 727 1689 venisse,
752 1621 841 1674 dicere
865 1638 933 1690 quae
961 1621 1046 1673 vellet

129 1689 213 1760 jubet.
244 1695 280 1744 At
298 1690 345 1744 illa
362 1708 476 1758 servum,
490 1708 571 1760 quem
589 1690 617 1742 in
634 1692 765 1744 vestibulo
783 1701 852 1743 stare
871 1691 990 1760 jusserat,
1005 1691 1046 1743 in·

130 1761 232 1813 troduci
245 1761 414 1814 desideravit.
450 1761 501 1819 Qui
513 1761 575 1829 quia
586 1770 666 1830 caput
684 1761 843 1834 Spitamenis
856 1770 929 1812 veste
941 1770 1047 1813 tectum

130 1831 402 1900 habebst,.suepectus
414 1830 591 1884 scrutantibus
601 1831 664 1899 quid
673 1831 807 1883 occuleret
819 1830 941 1883 ostendit.
979 1831 1048 1883 Cou-

130 1900 234 1953 fuderat
247 1902 299 1954 oris
310 1901 452 1969 exsanguis
463 1910 538 1953 notas
549 1900 640 1969 pallor,
654 1917 705 1952 nec
722 1901 781 1969 quis
799 1909 870 1952 esset
888 1900 960 1951 nosci
980 1900 1047 1952 satis

130 1981 240 2041 poterat.
277 1973 346 2040 Ergo
371 1988 417 2024 rex
440 1971 535 2023 certior
558 1969 650 2039 factus,
675 1970 821 2023 humanum
847 1979 926 2038 caput
948 1969 1046 2021 afferre

131 2057 203 2108 eum,
224 2040 393 2094 tabernaculo
416 2041 540 2109 excessit,
560 2049 781 2108 percontatusque
799 2041 861 2108 quid
882 2040 918 2091 rei
937 2041 977 2107 sit,
999 2038 1046 2090 illo

130 2111 269 2180 profitente
287 2111 430 2178 cognoscit.
474 2110 568 2162 Variae
587 2109 648 2162 hinc
666 2111 837 2177 cogitationes
856 2110 969 2160 invicem
988 2109 1046 2160 ani·

130 2196 204 2232 mum
226 2180 330 2232 diversa
350 2181 495 2248 agitantem
515 2193 720 2232 commoverant.
756 2180 885 2232 Meritum
906 2180 999 2246 iugens
1018 2179 1046 2230 in

131 2258 217 2301 semet
230 2267 290 2302 esse
303 2249 436 2319 credebat,
450 2249 520 2317 quod
537 2248 673 2316 transfuga
686 2257 712 2300 et
724 2249 844 2317 proditor,
859 2250 938 2300 tantis
957 2247 1044 2317 rebus,

131 2318 155 2371 si
166 2319 283 2387 vixisset,
297 2319 441 2389 iniecturus
457 2322 578 2387 moram,⁷
596 2320 750 2377 interfectus
767 2328 852 2371 esset:
868 2327 962 2371 contra
981 2318 1045 2370 faci-

130 2406 181 2448 nus
197 2391 291 2458 ingene
307 2389 486 2458 aversabatur,
500 2407 562 2442 cum
580 2391 679 2459 optime
698 2390 823 2442 meritum
842 2388 875 2439 de
895 2389 959 2457 ipsa,
974 2404 1046 2440 com·

131 2462 255 2514 munium
273 2469 410 2531 parentem
429 2459 550 2528 liberum,
564 2477 610 2529 per
623 2460 732 2512 insidias
751 2459 936 2511 interemisset.
974 2457 1047 2509 Vicit

161 2619 168 2642 ¹
180 2614 195 2661 J
197 2615 288 2675 udging
297 2614 357 2662 from
368 2614 409 2662 the
420 2614 490 2662 usual
501 2614 605 2672 practice
617 2613 644 2660 ol
650 2613 758 2667 Curtius,
769 2627 807 2658 we
816 2610 997 2667 shouldexpect
1014 2611 1019 2621 “
1036 2637 1045 2646 -

131 2674 192 2719 sius.
217 2674 275 2721 Suis
287 2674 364 2734 might
375 2673 437 2721 refer
447 2685 471 2721 to
483 2673 524 2720 the
535 2673 589 2720 wife
599 2673 626 2720 os
634 2673 794 2730 Spitamenes,
806 2671 849 2717 she
857 2670 929 2728 being
939 2669 979 2715 the
987 2627 1045 2716 sul·

129 2731 179 2791 jeot
191 2733 218 2779 of
226 2733 265 2780 the
277 2733 431 2781 subordinate
443 2734 533 2788 clause,
545 2734 604 2792 ejus,
617 2743 641 2779 to
649 2748 715 2779 some
725 2729 787 2778 third
796 2745 897 2797 pers'ou;
911 2731 953 2775 but
963 2728 1046 2774 where

132 2789 174 2837 the
185 2807 256 2838 sense
267 2792 288 2838 is
299 2808 326 2839 so
338 2792 402 2850 plain
413 2808 439 2840 as
451 2793 468 2839 it
480 2792 500 2839 is
512 2792 577 2848 here,
588 2791 651 2839 ‘such
662 2807 693 2838 an
703 2790 838 2850 ambiguity
849 2804 872 2836 m
887 2788 928 2835 the
944 2802 1044 2846 expres-

132 2849 185 2897 sion
196 2851 216 2897 is
229 2861 270 2897 not
281 2851 381 2899 heeded.

160 2923 237 2982 ²⁴By
248 2934 433 2982 contemptuous
450 2924 537 2972 dislike
553 2934 579 2972 tc
595 2924 664 2972 those
680 2924 736 2971 who
747 2937 811 2971 were
827 2936 883 2968 now
893 2921 931 2969 hie
947 2933 1046 2979 comps·

132 2981 225 3040 nions;’
238 2983 343 3043 namely,
357 2983 397 3030 the
407 2987 509 3045 pellices.

161 3047 245 3094 'Here
257 3062 294 3093 we
306 3045 382 3106 might
394 3059 480 3106 expect
492 3050 559 3110 ipsis.

160 3117 170 3141 ⁴
180 3111 297 3171 Properly
307 3121 415 3168 censeret,
428 3113 555 3172 according
566 3122 591 3160 to
604 3111 684 3160 Grcm.
696 3112 710 3164 b
721 3115 773 3161 361.

162 3182 246 3238 ⁵That
258 3181 286 3237 is,
300 3184 484 3242 utempestr'vum
494 3184 634 3238 concivium,
648 3197 673 3229 as
685 3181 710 3228 in
721 3181 769 3229 viii.
781 3183 803 3228 3.

134 3315 139 3324 ·
160 3260 168 3284 ⁸
182 3259 188 3281 ⁴
198 3255 236 3323 Tq
248 3253 332 3309 leam]
345 3253 463 3314 implying
473 3263 499 3301 to
509 3255 625 3303 convince
635 3253 705 3301 one’s
716 3252 766 3301 sels
777 3251 805 3300 ol
817 3267 831 3300 u
841 3251 911 3312 thing
921 3253 954 3311 by
964 3251 1048 3300 actual

130 3324 274 3374 iuspectrou.

154 3389 179 3416 ⁷1
189 3389 263 3448 Who,
273 3389 323 3441 had
330 3389 361 3441 he
369 3387 444 3449 lived,
455 3386 608 3439 wouldhuvs
614 3383 786 3448 delsvehsuch
790 3382 1049 3444 ursatuuucrtakings*

107 3448 201 3508 (aslis,
217 3451 262 3502 the
273 3452 346 3519 king,
359 3452 412 3506 had
422 3453 449 3505 in
459 3451 547 3511 vievr).
