2274 3772
403 235 409 248 ,
453 198 562 247 Ἰιιιιιιι
582 199 646 240 viii.
677 251 681 255 q
958 184 1018 240 2³5

145 312 186 363 20.
204 307 307 378 Aequis
330 305 438 360 auribus
464 306 639 361 Callisthenes
661 307 744 362 veluti
766 308 865 362 vindex
893 309 1018 378 publicae

110 376 239 432 libertatis
257 376 421 430 audiebatur.
458 377 630 446 Expresserat
649 394 701 430 non
721 379 911 432 assensionem¹
930 378 1017 448 inodo,

110 447 158 500 sed
182 448 264 500 etiarn
282 464 385 515 vocem,
407 447 539 499 seniorum
562 447 712 517 praecipue,
733 446 830 516 quihus
851 448 940 516 gravis
963 455 1019 500 erat

110 517 248 570 inveterati
277 516 357 569 moris
381 527 489 568 externa
513 516 631 569 mutatio.
668 517 727 570 Neo
750 517 892 587 quicquam
918 534 1018 587 eorum,

109 602 179 656 quae
197 587 313 639 invicem
331 584 430 654 jactata
449 593 530 655 eraut,
544 602 589 638 rex
602 585 745 655 ignorabat,
758 604 820 639 cum
839 596 897 656 post
914 586 1018 656 aulaea,

110 673 178 727 quae
201 655 278 709 lectis
300 655 453 724 obduxerat,
475 661 563 706 staret.
599 655 680 722 lg'itur
698 655 732 708 ad
752 657 821 725 Agin
842 665 869 708 et
891 656 1019 709 Cleonem

109 725 188 794 misit,
201 732 230 778 ut
248 740 368 777 sermone
386 723 458 776 finito
477 722 603 777 barbaros
621 731 731 795 tentum,
745 743 807 779 cuin
820 725 949 794 intrasset,
963 742 1020 804 pro-

109 795 236 849 cumbere
254 811 301 846 suo
320 810 393 846 more
414 800 578 863 paterentur:
600 801 627 846 et
646 794 723 874 paulo
742 803 808 866 post,
824 797 900 864 quasi
919 802 1019 864 potiora

109 863 244 934 quaedam
267 863 373 932 egisset,
398 863 547 915 convivium
572 872 675 933 repetit.
719 864 806 923 Quem
829 864 1020 917 venerantibus

111 933 205 1002 Persis,
226 932 396 1002 Polypercon,
409 932 453 1000 qui
473 931 588 984 cubabat
608 949 687 1054 aufer
704 951 803 1003 regem,
822 951 905 986 unum
924 950 957 986 ex
976 933 1020 986 his

109 1010 201 1056 mento
221 1003 416 1070 contingentem
438 999 551 1054 humum
574 1018 621 1071 per
651 1001 784 1055 udibrium
805 1003 892 1073 coepit
913 1002 1017 1071 hortari,

110 1082 138 1125 ut
152 1070 338 1123 vehementius
350 1069 376 1122 id
389 1079 510 1139 quateret
527 1070 560 1123 ed
580 1072 684 1141 terrain,
698 1072 841 1142 elicuitque
860 1074 926 1124 iram
939 1073 1019 1125 Alex-

110 1141 194 1208 andri,
213 1157 293 1209 quam
314 1139 376 1191 olim
401 1139 489 1192 animo
509 1156 605 1209 capere
628 1158 680 1194 nori
704 1151 813 1210 poterat.
849 1143 943 1211 ltaque
964 1159 1017 1210 rex,

110 1211 151 1263 Tu
170 1218 268 1276 autem,
288 1209 379 1277 inquit,
398 1226 448 1262 non
467 1209 636 1274 veneraberis
654 1211 719 1263 mel
754 1214 796 1263 An
817 1211 864 1265 tibi
886 1212 929 1263 uni
948 1211 1019 1279 digni

111 1279 233 1332 videmur
245 1296 304 1331 esse
317 1278 448 1331 ludibriol
483 1279 539 1348 Ille,
553 1295 603 1332 nec
616 1296 706 1348 regem
719 1280 838 1349 ludibrio,
852 1297 903 1332 nec
916 1297 944 1332 se
957 1297 1019 1333 coii-

111 1347 336 1417 temptudignum
354 1364 422 1418 esse,
437 1348 578 1418 respondit.
613 1349 683 1403 Tum
702 1348 850 1403 detractum
869 1366 931 1402 eum
950 1349 1019 1402 lecto
1072 1386 1074 1390 -

112 1435 158 1470 rex
184 1418 340 1487 praecipitat
366 1417 392 1470 iri
420 1426 526 1471 terram.
563 1419 596 1472 Et
620 1436 680 1471 cuni
706 1419 730 1471 is
752 1420 850 1490 pronus
871 1419 1019 1488 corruisset,

110 1487 235 1550 Videsne,
256 1486 348 1556 inquit,
370 1486 443 1540 idem
469 1496 495 1540 te
516 1487 619 1556 iecisse,
639 1489 709 1558 quod
733 1489 759 1542 in
782 1489 834 1541 alio
858 1489 936 1569 paulo
956 1497 1019 1540 ante

111 1556 235 1609 ridebasl
271 1557 305 1609 Et
325 1557 390 1608 tradi
410 1574 448 1621 eo
462 1557 486 1609 iii
507 1557 653 1611 custodiam
671 1557 751 1628 jusso,
764 1558 914 1611 convivium
933 1557 1018 1610 solvit.

111 1625 296 1695 Polyperconti
313 1625 421 1695 quidem
441 1635 541 1699 postea,
560 1628 688 1696 castigato
705 1628 759 1697 diu,
779 1628 895 1697 ignovit:
915 1628 942 1680 iii
961 1627 1020 1680 Cal·

110 1694 242 1748 listhenen
253 1695 316 1748 olim
329 1696 510 1749 contumaciae
523 1698 687 1776 suspectum²
697 1698 881 1767 pervicacioris
892 1697 947 1749 irae
960 1696 1019 1749 fuit.

111 1764 192 1833 Cujus
205 1764 353 1834 explendae
366 1774 468 1817 matura
480 1765 589 1818 obvenit
600 1767 711 1819 occasio.

146 1839 187 1886 21.
207 1834 268 1886 Mos
280 1842 344 1901 erat,
354 1842 383 1887 ut
396 1833 586 1903 supradictum
595 1843 642 1903 est,
656 1835 737 1905 princi
758 1835 817 1888 ibus
829 1834 1019 1904 Macedonum,

110 1902 215 1955 adultos
228 1902 324 1955 liberos
336 1902 444 1970 regibus
456 1903 567 1971 tradere,
581 1903 613 1957 ad
633 1903 725 1956 munia
739 1853 814 1956 haud
833 1905 947 1957 multum
966 1920 1019 1955 ser·

111 1971 209 2024 vilibus
231 1971 395 2024 ministeriis
414 1971 588 2024 abhorrentia.
632 1972 806 2025 Excubabant
829 1972 940 2024 servatis
960 1987 1020 2024 noc-

112 2041 177 2094 tium
190 2039 292 2092 vicibus
323 2040 416 2093 roximi
428 2039 528 2093 foribus
546 2040 604 2109 ejus
620 2041 714 2110 aedis,⁴
726 2042 753 2095 in
766 2059 818 2110 qua
836 2059 881 2094 ierr
899 2043 1019 2110 acquies-

112 2109 198 2162 cebat.
234 2110 284 2162 Per
304 2057 357 2161 lios
378 2107 489 2178 pellices
511 2108 742 2164 introducebantur
760 2111 812 2165 alio
835 2111 916 2181 aditu,
936 2128 1019 2180 quam

111 2196 193 2248 quem
218 2179 313 2232 armati
335 2178 501 2232 obsidebant.
536 2179 621 2233 Iidem
645 2189 770 2250 acceptos
792 2181 826 2234 ab
850 2181 1020 2250 agasonibus⁵

112 2265 202 2317 equos,
215 2262 278 2301 cum
297 2266 344 2302 rex
354 2265 513 2302 ascensurus
524 2258 602 2320 esset,
616 2249 801 2319 admovebant,
815 2250 1019 2304 comitabantur-

111 2334 164 2386 que
183 2328 208 2370 et
224 2327 373 2397 venantem,
390 2327 417 2370 et
437 2319 462 2371 in
484 2318 598 2388 proeliis,
615 2319 737 2372 omnibus
756 2320 855 2373 artibus
876 2319 1020 2372 studiorum

112 2386 260 2439 liberalium
273 2387 379 2439 exculti.
406 2387 568 2456 Praecipuus
580 2388 661 2441 honor
672 2388 827 2458 habebatur,
841 2388 909 2458 quod
923 2386 1020 2440 licebat

112 2455 267 2509 sedentibus
278 2455 352 2508 vesci
364 2473 425 2510 curii
438 2473 510 2524 rege.
535 2457 688 2524 Castigandi
701 2475 746 2510 eos
758 2457 912 2511 verberibus
923 2455 1021 2509 nullius

111 2525 239 2594 potestas⁸
262 2535 365 2594 praeter
385 2526 393 2578 i
413 2543 473 2578 sum
497 2536 561 2578 erat.
597 2526 670 2579 Haec
693 2526 788 2579 cohors
806 2526 880 2578 velut
904 2527 1019 2577 semina·

112 2595 191 2647 rium⁷
208 2595 307 2648 ducum
327 2543 572 2664 praedictorumque
592 2595 663 2666 apud
686 2595 850 2649 Macedonas
869 2595 933 2647 luit:
958 2594 1021 2647 hinc
1034 2632 1047 2679 ,

141 2740 290 2808 ¹‘Assent;{
306 2739 363 2808 here
382 2739 423 2787 the
442 2748 524 2787 asserit
540 2738 567 2787 of
581 2738 623 2786 the
639 2737 705 2807 mind
721 2737 893 2807 unexpressed‚
911 2738 947 2787 for
962 2739 980 2786 it
1000 2739 1021 2787 is

111 2797 872 2927 ''lieldlqlltllelli‘lolliitillisslliilllihllnary,2
905 2856 986 2926 risit
999 2857 1020 2905 a

111 2932 142 2965 no
153 2927 275 2977 necessity
285 2915 321 2964 for
331 2931 463 2976 supposing
480 2916 519 2963 the
531 2916 622 2974 ellipsis
633 2915 661 2962 of
671 2918 769 2964 crimine
779 2931 806 2964 or
815 2918 907 2964 nomine
917 2931 941 2963 iri
952 2916 1021 2964 order

111 2986 137 3024 to
147 2975 243 3035 explain
255 2976 295 3022 tlie
306 2975 412 3035 genitive
423 2976 585 3024 contumaciae.
617 2975 664 3021 See
678 2974 757 3022 Grani.
771 2975 848 3030 b282,
862 2985 917 3030 note
930 2980 950 3022 l.

125 3094 130 3104 ,
140 3040 150 3064 ³
160 3035 208 3083 For
219 3050 233 3082 a
244 3034 362 3103 notioelof
373 3033 415 3081 the
426 3034 537 3093 question
549 3033 659 3080 whether
670 3033 718 3082 this
734 3034 755 3082 is
770 3033 811 3082 the
825 3033 905 3082 dative
917 3049 943 3081 or
954 3033 1019 3081 abla-

112 3104 293 3210 tiqeffignqye
304 3097 480 3212 tvllefisingular,
498 3151 518 3199 is
537 3150 663 3211 originally
673 3150 811 3210 equivalent
827 3161 853 3200 to
862 3152 977 3205 cmicluve,
992 3154 1023 3197 ‘a

112 3212 189 3272 single
201 3212 266 3273 large
278 3210 431 3293 apartmenn’
445 3210 502 3258 then
515 3216 543 3257 ‘a
554 3209 660 3269 temple.'

142 3279 150 3303 ¹
162 3279 167 3295 ¹
177 3271 289 3318 Grooms.

140 3335 149 3360 ⁸
160 3329 304 3389 Equivalent
316 3339 342 3376 to
352 3330 441 3376 asinini
448 3337 551 3392 potestus
562 3337 625 3376 erat:
643 3330 736 3377 nullius
746 3326 783 3377 t'or
793 3328 907 3381 caninis,
914 3324 1030 3372 witichis

112 3404 186 3437 never
196 3389 264 3437 used.
296 3388 342 3436 See
355 3388 453 3447 Zumpt,
467 3387 496 3443 §b
506 3391 536 3436 88
547 3385 595 3436 and
604 3391 659 3438 b'tb.

141 3452 149 3476 ¹
162 3446 232 3496 ‘The
243 3447 460 3509 morning-school.¹
637 3484 641 3492 .
