2274 3772
113 108 171 164 184
376 117 416 159 oa
439 116 546 158 scaris
567 115 750 156 euxinum.

110 231 226 302 regebat,
250 236 280 282 ut
302 226 382 298 primi
407 225 531 296 conjungi
558 225 659 279 ultimis
686 231 801 296 possent.
837 223 901 277 000
925 189 1018 277 stadia

109 306 299 373 processerant,
312 313 375 350 com
391 296 503 349 occurrit
522 294 688 363 Brocubelus,
704 293 809 348 Musaei
826 293 905 364 filius,
922 292 1017 363 Syriae

109 369 245 442 quondam
264 375 375 490 praetor.
411 367 437 419 Is
456 381 560 434 quoque
581 363 716 432 transfuga
735 362 880 432 nuntiabat,
901 363 1017 417 Bessum

111 439 182 495 baud
202 455 265 506 amp
278 439 319 489 ius
337 452 419 505 qoam
438 434 480 488 CC
497 434 583 487 stadia
602 434 706 486 abesse.
745 432 904 502 Exercitum,
924 441 1017 502 utpote

58 558 60 564 .
111 509 157 581 qui
182 507 248 561 nibil
271 512 448 576 praecaveret,
473 502 677 575 incompositum
703 501 933 571 inordinatumque
959 517 1017 570 pro-

111 578 216 633 cedere.
252 575 412 646 Hyrcanium
435 573 519 626 rideri
547 573 682 642 petituros.
718 571 746 624 Si
769 570 905 625 festinaret
930 570 1016 640 sequi,

111 648 233 720 palantes
255 644 495 714 superventurum.l
529 644 645 695 Dareum
665 639 754 695 adhuc
771 639 870 694 rivere.
906 640 1019 694 Strenuo

111 717 226 787 alioquin
244 713 417 783 cupiditatem
434 710 614 781 consequendi
634 709 771 780 transfuga
794 709 929 779 injecerat.
967 709 1017 763 [ta-

110 803 164 858 que
182 784 330 838 calcaribus
341 782 460 851 subditis,
474 781 558 834 effuso
570 797 649 835 cursu
661 788 733 833 eunt.
768 780 882 848 Jamque
895 778 1018 831 fremitus

111 855 228 910 bostium
251 855 300 907 iter
323 851 526 922 ingredientium
549 849 754 918 exaudiebatur,
777 849 825 902 sed
848 856 1019 918 prospectum

111 924 249 979 ademerat
268 922 387 1004 pulveris
405 921 498 975 nubes.
534 919 671 989 Paulisper
688 935 751 987 ergo
770 918 882 972 inhibuit
900 933 1016 987 cursum,

111 994 197 1048 donec
208 993 356 1047 consideret
367 990 462 1062 pulvis.
497 991 612 1060 Jamque
623 987 758 1058 conspecti
769 1006 787 1041 a
797 986 916 1041 barbaris
934 995 1016 1055 erant,

113 1071 141 1118 et
158 1063 314 1118 abeuntium
331 1077 427 1131 ιςωθη
439 1075 502 1112 cons
536 1066 635 1129 xerant,
648 1073 817 1139 nequaquam
828 1056 909 1111 futuri
920 1057 1019 1127 pares,¹

111 1134 136 1188 si
159 1133 240 1187 Besae
265 1140 368 1186 mutum
391 1129 473 1184 animi
496 1077 591 1182 llrisset
614 1128 649 1182 ad
673 1127 812 1198 proelium,
830 1134 960 1196 quantum
982 1124 1018 1178 ad

112 1202 283 1326 fflicidium
306 1201 402 1254 fuerat.
436 1200 561 1269 Namque
586 1206 613 1251 et
638 1213 749 1251 numero
772 1195 877 1251 barbari
902 1203 1018 1266 praeste-

165 1281 183 1342 t,
203 1281 230 1326 et
248 1271 353 1325 robore:
371 1269 406 1323 ad
424 1267 475 1322 hoc
492 1267 584 1321 refecti
601 1283 666 1320 cum
680 1265 797 1336 fatigatis
813 1275 950 1319 cermmeu
967 1264 1018 1318 ini·
1098 1265 1103 1273 “

112 1341 162 1395 turi
186 1349 269 1394 erant.
305 1339 357 1394 Sed
380 1355 477 1392 nornen
497 1336 649 1406 Alexandri,
670 1335 796 1407 etfama,
817 1335 967 1388 mammam
990 1335 1018 1388 in

112 1410 182 1465 bello
195 1411 285 1480 utique
297 1417 470 1476 momentum,
483 1407 594 1477 pavidos
606 1407 632 1458 in
645 1404 738 1474 fugam
748 1404 851 1458 avertit.

147 1484 189 1531 37.
208 1480 307 1532 Bessus
317 1492 380 1530 vero
391 1486 419 1530 et
436 1476 517 1529 ceteri
534 1475 657 1529 facinoris
673 1475 732 1544 ejus
748 1474 897 1546 participes,
910 1473 1019 1528 vehicu-

112 1547 168 1602 lum
192 1547 271 1601 Darei
294 1547 417 1616 assecuti,
441 1554 584 1615 coeperunt
606 1544 703 1598 hortari
725 1561 796 1614 eum,
817 1544 1020 1596 conscenderet⁸

112 1634 219 1688 equum,
238 1625 265 1670 et
280 1632 313 1683 ,ss
331 1614 399 1669 hosti
417 1615 481 1684 fuga
499 1615 620 1685 eriperet.
655 1614 704 1667 Ills
723 1614 789 1667 deos
806 1613 905 1666 ultores
922 1612 1019 1666 adesse

112 1695 229 1756 testatur,
250 1694 277 1739 et
295 1685 440 1740 Alexandri
457 1683 539 1738 fidem
560 1683 702 1754 implorans
721 1691 807 1754 negat,
827 1699 856 1736 se
874 1681 1020 1754 parricidas

111 1756 181 1811 velle
194 1756 322 1810 comitari.
358 1756 427 1808 'l'um
439 1771 500 1808 vero
514 1755 552 1807 ira
563 1771 668 1824 quoque
680 1754 796 1824 accensi,
809 1751 863 1806 tela
874 1752 1020 1822 conjiciunt

111 1828 139 1881 in
157 1844 256 1897 regem,
275 1825 418 1896 multisque
438 1823 588 1878 confossum
606 1823 760 1876 vulneribus
777 1821 937 1893 relinquunt.
973 1822 1018 1876 Ju-

111 1907 202 1950 msnta
225 1912 338 1967 quoque,
357 1913 391 1948 ne
414 1894 518 1964 longius
543 1893 664 1963 prosequi
687 1900 801 1963 possent,
821 1891 1017 1962 conuulneranr,

111 1965 214 2021 duobus
231 1966 321 2034 serris,
340 1965 385 2035 qui
403 1982 494 2033 regem
512 1963 713 2032 comitabantur,
732 1962 835 2016 occisis.
871 1962 927 2015 Hoc
945 1961 1018 2015 edito

112 2034 235 2103 facinore,
254 2043 283 2087 ut
301 2033 414 2102 vestigia
438 2034 518 2102 fugae
543 2041 703 2101 spargerent,
722 2032 894 2085 Nabarzanes
919 2032 1019 2100 Hyrca·

82 2167 85 2172 Ι
111 2105 190 2172 uiam,
203 2104 301 2156 Bessus
314 2103 417 2171 Bactra,
427 2104 519 2181 paucis
530 2103 651 2170 equitum
664 2101 859 2171 comitantibus,
873 2101 1017 2171 petebant:

112 2173 223 2242 barbari,
242 2172 356 2226 ducibus
373 2172 511 2240 destituti,⁴
527 2187 581 2240 qua
598 2187 733 2239 quemque
751 2179 797 2224 aut
814 2188 876 2240 spes
892 2169 1018 2239 ducebat,

110 2251 157 2297 aut
175 2258 262 2322 pavor,
281 2241 491 2310 dissipabantur:
511 2240 535 2292 D
552 2247 656 2292 tantum
673 2240 778 2309 equites
795 2248 1020 2309 congregaverant

111 2329 149 2379 se,
169 2312 261 2364 incerti
280 2310 376 2379 adhuc,
396 2309 519 2363 resistere
539 2309 635 2362 melius
654 2318 733 2379 esset,
746 2326 780 2363 an
800 2308 901 2378 sugere.
938 2309 1019 2363 Alex-

110 2381 201 2452 ander,
214 2380 329 2435 hostium
341 2389 380 2434 tre
400 2379 515 2433 idatione
532 2382 675 2448 comperta,
687 2379 847 2433 Nicanorem
865 2396 928 2433 cum
945 2379 1019 2449 equi·

111 2461 167 2504 tuni
185 2461 258 2521 parte
276 2450 310 2504 ad
328 2449 384 2504 inhi
422 2451 503 2503 udam
520 2449 611 2516 lugam
629 2449 742 2503 emittit:
767 2449 824 2518 ipse
841 2465 903 2502 cum
921 2449 1020 2502 ceteris

111 2522 237 2590 sequitur.
274 2521 311 2575 lll
322 2520 407 2574 ferme
425 2519 499 2573 milia
517 2519 668 2572 resistentia
683 2520 772 2571 occisa
790 2527 850 2570 sunt
859 2534 867 2588 3
886 2517 1019 2588 reliquum

109 2605 208 2659 agmen
227 2591 361 2660 pecudum
381 2591 466 2643 more⁶
477 2590 606 2642 intactum
626 2587 761 2656 agebatur,
776 2586 887 2657 jubente
906 2605 976 2657 rege,
989 2595 1019 2640 ut

29 2711 32 2718 ,
110 2659 238 2712 caedibus
260 2660 445 2715 abstineretur.
487 2659 574 2710 Nemo
597 2658 759 2727 captivorum
789 2665 853 2726 erat,
877 2658 922 2727 qui
945 2674 1020 2710 mon·

140 2768 313 2874 ¹r5upleroeaire
323 2784 426 2838 gouerns
442 2768 519 2854 either
534 2769 575 2817 the
586 2769 667 2817 dative
678 2785 705 2817 or
715 2770 866 2838 accusativ03
884 2770 925 2838 the
937 2771 1019 2840 dative

110 2828 1020 2972 tttzttjtlttltzssttttttet‘ssttrtllt¹ttttt⁰tttlllt

110 2947 245 3066 quqhgq
254 2961 389 3073 iilddldlsirbt
400 3004 461 3052 have
472 3006 534 3052 been
545 3015 568 3053 at
580 3005 612 3053 all
623 3006 728 3054 amatch
744 3004 780 3055 for
795 3005 836 3054 the
854 3005 977 3063 Parsiana,
990 3007 1017 3064 it,

110 3065 159 3135 dac.
192 3065 247 3113 The
258 3064 369 3125 apoduein
377 3063 406 3112 of
413 3079 427 3112 a
437 3064 601 3123 hypothetical
610 3075 724 3114 sentence
735 3065 756 3113 is
767 3065 865 3126 implied
876 3066 900 3114 in
911 3067 952 3115 the
964 3081 1017 3127 par·

110 3123 388 3234 “rttrmitttuttt
401 3123 569 3238 {little
582 3193 638 3231 „aa
651 3186 671 3231 1.
953 3149 955 3155 ’

138 3243 301 3312 ‘Equivalerrt
312 3243 445 3324 topriooti,
458 3241 606 3302 ‘deprived'
621 3241 729 3292 ‘bereft’

139 3302 234 3350 ΗΙιιΙιο
250 3303 341 3363 rheam
368 3300 405 3351 sor
419 3300 489 3350 these
505 3316 545 3349 ere
560 3301 700 3363 commonly
714 3302 861 3353 understood
880 3303 957 3354 under
974 3303 1018 3355 tlrs

109 3370 172 3410 term
179 3365 285 3424 penda.
