2274 3772
485 190 579 232 ursan
598 190 662 232 vnr.
969 176 1029 231 Μ

122 311 237 371 caperet.
273 301 384 371 Quoque
407 301 496 353 minus
513 271 613 352 ¹caedis
635 299 755 369 puderet,
778 298 836 368 jure
859 299 1028 354 intersectum

123 373 219 425 Clitum
238 373 401 425 Macedones
418 372 572 438 decernunt,
586 370 722 440 sepultura
739 386 844 438 quoque
862 369 1027 440 prohibituri,

122 442 149 493 ni
162 459 206 494 rex
220 441 322 494 humari
334 440 464 510 jussisset.

157 517 180 563 7.
200 512 281 579 Igitur
303 510 397 562 decem
419 509 514 560 diebus
531 509 649 561 maxime
667 507 701 559 ad
719 507 929 565 confirmandum
946 508 1027 576 pudo·

122 597 178 632 rem
208 581 278 650 apud
309 578 472 632 Maracanda
500 578 671 647 consumptis,
701 595 762 630 curn
792 588 866 648 parts
896 581 1028 631 exercitus

122 650 161 700 He
181 649 346 702 haestionem
366 650 390 701 in
416 648 549 716 regionem
573 647 740 699 Bactrianam
763 648 842 715 misit,
862 658 1028 700 commeatus

121 719 147 771 in
160 668 277 771 hiemem
291 726 450 787 paraturum.
486 716 571 775 Quam
589 718 657 769 Clitov
673 726 764 769 autem
780 716 959 768 destinaverat
971 732 1027 785 pro·

121 790 243 856 vinciam,
258 792 391 856 Amyntae
408 786 497 838 dedit:
518 786 574 854 ipse
591 788 722 855 Xenippa¹
740 786 867 856 pervenit.
903 786 1027 854 Scythiae

121 859 230 911 confinis
242 866 282 909 est
295 858 374 925 regio,
389 856 573 923 habitaturque
586 855 705 924 pluribus
716 873 749 907 ac
760 855 944 923 frequentibus
954 856 1025 926 vicis,

120 929 183 996 quia
203 928 308 980 ubertas
328 935 412 977 terrae
433 942 482 977 non
503 924 642 992 indigenas
660 924 739 977 modo
757 925 865 992 detinet,
879 925 925 976 sed
944 925 1027 979 etiam

120 997 239 1048 advenas
262 996 361 1046 invitat.
398 994 593 1046 Bactrianorum
617 994 734 1062 exulum,
754 995 799 1062 qui
822 995 856 1046 ab
876 994 1028 1046 Alexandro

120 1065 280 1133 deiecerant,
301 1063 497 1132 receptaculum
515 1062 609 1115 fuerat.
646 1063 696 1115 Sed
715 1075 853 1131 postquam
874 1080 963 1130 regern
981 1064 1027 1116 ad·

120 1143 228 1186 ventare
240 1142 403 1202 compertum
416 1141 464 1201 est,
480 1132 547 1201 pulsi
565 1133 600 1185 ab
618 1132 711 1185 incolis
723 1133 746 1185 ll
758 1133 835 1185 milia
846 1133 902 1184 sere
915 1142 941 1184 et
952 1133 1028 1200 quin·

120 1203 192 1271 genti
218 1215 417 1270 congregantur.
460 1203 559 1254 Omnes
583 1202 688 1270 equites
713 1212 795 1271 erant,
814 1203 896 1254 etiarn
917 1203 941 1253 in
960 1218 1028 1270 paee

120 1271 263 1324 latrociniis
280 1274 396 1324 assueti:
421 1280 477 1324 tum
501 1271 600 1324 ferocia
621 1271 727 1339 ingenia
745 1288 795 1324 non
815 1271 916 1323 bellum
939 1269 1026 1338 modo,
1119 1307 1123 1320 .

120 1341 166 1393 sed
186 1342 266 1394 etiarn
280 1342 374 1393 veniae
392 1340 551 1410 desperatio¹
569 1340 735 1392 efferaverat.
771 1341 863 1409 ltaque
879 1357 913 1392 ex
932 1341 1027 1408 irnpro·

120 1411 175 1462 viso
204 1410 286 1462 adorti
317 1413 464 1479 Amyntam
492 1419 640 1478 praetorem
670 1409 822 1478 Alexandri,
852 1410 898 1462 diu
928 1425 1028 1478 anceps

119 1480 248 1547 proelium
260 1479 391 1531 fecerant:
411 1478 445 1530 ad
456 1479 581 1531 ultimum
595 1480 661 1531 DCC
672 1496 777 1532 suorum
790 1479 902 1547 amissis,
916 1494 1027 1547 quorum

119 1549 182 1601 CCC
200 1548 282 1600 hostis
299 1565 330 1599 ce
350 1547 376 1615 it,
391 1547 489 1600 dedere
508 1556 581 1616 terga
598 1548 747 1617 victoribus,
767 1548 839 1600 haud
860 1566 924 1600 sane
943 1547 1026 1614 inulti,

118 1618 216 1688 quippe
229 1618 321 1670 LXXX
364 1617 512 1670 acedonum
526 1617 721 1686 interfecerunt,
735 1628 892 1686 praeterque
905 1633 951 1668 eos
963 1617 1026 1670 CCC

118 1695 144 1738 et
163 1688 183 1739 L
202 1687 283 1740 saucii
302 1686 366 1738 sacti
387 1696 454 1740 sunt.
493 1686 607 1739 Veniam
627 1696 717 1739 tamen
737 1688 818 1739 etiam
838 1696 896 1757 post
915 1686 1027 1739 alteram

117 1751 294 1808 defectionem
308 1756 524 1824 impetraverunt.

152 1830 176 1878 8.
196 1826 244 1877 His
262 1826 289 1877 in
307 1825 388 1877 fidem
406 1825 532 1894 acceptis,
546 1826 573 1876 in
591 1825 733 1892 regionem,
747 1841 828 1891 quam
846 1826 967 1876 Nautaca
982 1840 1027 1893 ap-

117 1894 237 1964 pellant,³
256 1911 302 1947 rex
321 1911 383 1946 cum
403 1903 456 1945 toto
477 1894 595 1946 exercitu
615 1894 694 1944 venit.
738 1893 860 1961 Satrapes
881 1903 936 1943 erat
957 1893 1027 1961 Sysi-

117 1963 234 2031 mithres,
248 1963 353 2015 duobus
365 1979 399 2014 ex
411 1979 459 2014 sua
470 1971 555 2014 matre
567 1962 630 2013 filiis
647 1961 759 2029 genitis,
777 1963 874 2029 quippe
892 1961 962 2028 apud
981 1977 1027 2014 eos

135 2033 270 2085 arentibus
283 2042 371 2099 stupro
383 2031 453 2082 coire
465 2048 528 2082 cum
541 2031 631 2082 liberis
642 2031 683 2081 fas
695 2040 744 2083 est.
780 2031 806 2081 le
817 2030 927 2081 armatis
945 2046 1026 2099 popu·

116 2048 222 2170 haribus,
243 2101 337 2153 fauces
356 2101 479 2169 regionis,
501 2116 554 2169 qua
578 2101 604 2151 in
627 2099 790 2152 artissimum
811 2099 919 2167 cogitur,
940 2099 1026 2151 valido

116 2170 280 2223 munimento
293 2170 447 2239 saepserat.⁴
480 2169 689 2222 Praeterfluebat
707 2179 806 2221 torrens
823 2169 924 2236 amnis,
943 2170 1027 2236 terga‘

115 2248 190 2308 petra
202 2240 358 2292 claudebat:
380 2239 448 2291 hauc
460 2256 541 2293 manu
559 2239 677 2308 perviam
697 2238 798 2290 incolae
812 2238 937 2289 fecerant.
974 2237 1025 2290 Sed

115 2307 203 2360 aditus
221 2327 317 2378 specus
333 2309 429 2378 accipit
447 2307 542 2377 lucem,
556 2309 684 2376 interiora,
698 2307 748 2359 nisi
767 2306 839 2359 illato
858 2307 967 2374 lumine,
980 2306 1025 2359 ob·

116 2393 192 2429 scura
215 2387 283 2430 sunt.
320 2378 467 2446 Perpetuus
489 2377 627 2431 cuniculus
653 2378 702 2428 iter
724 2377 834 2445 praebet
857 2377 883 2427 in
908 2391 1024 2444 campos,

116 2445 233 2514 ignotum
253 2447 302 2498 nisi
321 2446 460 2513 indigenis.
496 2449 531 2498 At
543 2446 701 2513 Alexander,
715 2461 880 2514 quamquam
891 2444 1026 2511 angustias

115 2515 227 2567 naturali
246 2517 296 2568 situ
316 2517 432 2568 munitas
444 2514 532 2566 valida
549 2533 631 2567 manu
649 2515 752 2567 barbari
772 2513 920 2580 tuebantur,
934 2523 1024 2567 tamen

114 2585 241 2637 arietibus
264 2586 378 2637 admotis
401 2585 573 2652 munimenta,
594 2600 663 2652 quae
686 2600 768 2635 manu
791 2582 918 2651 adjuncta
940 2590 1023 2650 erant,

143 2725 150 2747 ¹
160 2719 281 2778 Probably
292 2719 397 2766 situated
407 2729 432 2766 to
443 2719 484 2765 the
495 2728 547 2766 east
559 2717 587 2765 of
599 2717 752 2765 Maracanda.

141 2783 151 2807 ²
162 2778 276 2836 ‘Despair
287 2778 314 2825 os
326 2779 450 2838 obtaining
460 2778 567 2836 pardon'
600 2779 637 2824 As
648 2780 742 2838 despero
752 2778 843 2824 venum
853 2791 897 2823 cau
913 2777 943 2823 be
959 2776 1020 2834 said,

113 2851 139 2884 as
151 2837 206 2885 well
218 2854 244 2885 as
254 2841 283 2885 de
293 2839 370 2892 omia,
384 2837 424 2884 the
435 2837 586 2884 substantive
597 2851 641 2884 can
652 2851 743 2896 govern
759 2834 799 2882 the
815 2834 929 2895 genitive,
941 2837 1021 2898 despe-

113 2899 175 2944 ratio
185 2899 255 2952 aitae,
269 2899 364 2951 salutis,
377 2898 498 2944 libertatis.

141 2955 242 3002 “These
264 2954 379 3003 localities
399 2955 450 3002 also
469 2970 508 3000 are
525 2954 658 3010 unknown,
674 2954 717 3000 but
732 2967 795 3000 were
812 2951 928 3012 probably
939 2953 963 2999 in
979 2953 1020 3000 the

112 3024 207 3062 eastern
218 3014 264 3061 and
276 3014 360 3074 higher
371 3023 422 3072 part
431 3012 459 3060 of
471 3012 599 3074 Sogdiana,
613 3012 718 3060 towards
733 3012 774 3060 the
791 3027 865 3071 upper
875 3023 927 3072 part
939 3011 967 3058 of
978 3011 1020 3059 the

114 3071 183 3120 Oxus
195 3072 241 3120 and
252 3074 284 3121 its
295 3073 440 3120 tributaries.

139 3133 214 3180 “He
233 3132 280 3179 had
299 3132 356 3179 shut
375 3147 407 3190 up
426 3131 554 3190 (properly,
575 3130 670 3191 hedged
687 3136 728 3189 up)
747 3130 788 3178 the
807 3140 919 3178 entrance
936 3127 964 3175 os
977 3128 1020 3177 the

110 3201 220 3251 country,
234 3191 315 3239 where
327 3192 344 3238 it
356 3200 477 3238 contracte
493 3189 562 3237 itself
574 3190 623 3238 into
635 3189 675 3237 the
687 3196 818 3237 uerrowest
829 3203 948 3246 comuass,
962 3188 1020 3246 bya

252 3251 257 3259 ·
282 3266 290 3280 ,
317 3250 322 3260 ·
367 3250 372 3271 ‚

110 3250 420 3368 etrto‘Xhefohllldhhaltliosnirsed
435 3310 538 3356 because
555 3307 596 3355 the
606 3307 732 3356 defendere
743 3321 807 3355 were
819 3320 884 3353 more
895 3303 958 3351 than
964 3318 1025 3349 ons.

109 3366 139 3415 In
154 3368 195 3414 the
207 3383 273 3415 same
285 3382 384 3416 manner
395 3383 432 3415 we
443 3382 487 3429 say
497 3366 526 3416 ot'
536 3382 554 3416 a
561 3369 666 3417 number
676 3366 704 3416 oi
716 3366 836 3420 saluas,
843 3372 920 3422 terga
926 3366 1044 3408 emant„

111 3425 184 3486 ‘they
193 3435 246 3475 turn
258 3426 321 3476 their
332 3427 427 3478 becka’

204 3489 237 3539 to
