2274 3772
440 227 442 230 Α
480 195 573 235 ursan
593 195 645 235 vn.
792 232 796 245 ,
960 179 1019 234 2οῠ

110 305 137 358 in
149 318 250 372 equum
259 320 336 358 suum
348 304 514 372 ascenderet,
528 313 555 356 et
567 321 596 356 se
608 303 671 372 luga
688 305 810 373 eriperet.
847 305 920 357 Haec
938 321 1020 372 agen·

111 383 165 428 tem
190 374 279 426 anima
301 374 408 442 defecit,
429 390 576 442 corpusque
600 391 632 426 ex
651 391 718 442 equo
736 375 847 428 defluxit
867 376 891 427 in
913 384 1019 427 terram.

111 444 245 513 Hypsides
263 453 364 514 poterat
384 444 493 512 quidem
512 443 638 511 effugere,
661 443 706 494 sed
728 446 825 496 amisso
848 445 935 496 amico
953 443 1020 496 mori

111 515 209 566 statuit.
244 513 304 566 Una
316 523 372 564 erat
384 530 455 581 cura,
468 529 502 564 ne
515 512 614 564 inultus
625 513 767 565 occideret.
804 514 896 581 ltaqne
909 514 1021 567 subditis

111 583 345 652 calcaribus'eqno,
360 584 384 634 in
402 583 504 634 medios
522 581 611 634 hostes
628 599 656 633 se
674 581 794 648 immisit,
808 593 833 634 et
854 584 1020 638 memorabili

112 652 184 705 edita
201 669 288 720 pugna
307 653 416 704 obrutus
443 651 502 703 telis
527 661 576 704 est.
612 652 687 710 Quod
708 652 753 704 ubi
771 652 860 704 videre
880 654 924 721 qui
944 654 1020 708 caedi

112 733 272 792 supererant,
287 722 417 773 tumulum
431 720 509 790 paulo
527 739 607 789 quam
629 732 717 772 cetera
737 722 874 774 editiorem
896 725 1020 794 capiunt3

112 807 178 860 quos
201 791 369 860 Spitamenes
393 790 465 842 fame
491 791 518 842 in
543 791 706 843 deditionem
734 794 891 844 subacturus
908 793 1019 848 obsedit.

112 861 238 913 Cecidere
257 879 289 912 eo
309 861 406 928 proelio
442 860 542 912 editum
564 861 588 912 ll
609 860 690 927 milia,
705 861 767 912 CCC
785 863 897 929 equites.
933 863 1021 920 Quam

112 931 217 983 cladem
230 929 382 982 Alexander
394 878 492 981 sollerti
504 929 612 982 consilio
626 930 697 998 texit,
708 939 791 981 morte
804 931 958 984 denuntiata
970 932 1019 1003 his,

113 1001 156 1068 qui
170 1017 203 1051 ex
215 999 313 1067 proelio
325 998 495 1066 advenerant,
509 999 530 1051 si
543 1008 603 1050 acta
617 999 778 1066 vulgassent.

148 1070 330 1120 sacacium
351 1085 414 1121 cnm
436 1070 525 1121 animo
548 1069 802 1136 disparemwvultum
827 1069 928 1123 diutius
952 1071 1020 1125 serre

113 1153 162 1189 non
188 1146 283 1207 posset,
304 1139 327 1191 in
355 1138 553 1190 tabernaculum
579 1155 657 1206 super
682 1138 765 1207 ripam
790 1139 907 1191 fluminis
930 1140 964 1192 de
983 1142 1021 1195 in·

113 1206 213 1258 dustria
230 1207 345 1260 locatum
363 1208 480 1260 secessit.
504 1207 557 1260 ·1bi
570 1208 626 1259 sine
637 1207 741 1260 arbitris
752 1208 856 1276 singula
867 1210 948 1262 animi
960 1228 1021 1263 con·

114 1276 182 1328 sulta
210 1278 363 1347 pensando,¹
386 1286 492 1330 noctem
521 1276 620 1344 vigiliis
648 1277 766 1345 extraxit,
798 1295 878 1346 saepe
908 1279 1022 1347 pellibus

113 1345 277 1398 tabernaculi
295 1345 424 1414 allevatis,
438 1354 466 1398 ut
485 1347 649 1414 conspiceret
666 1345 781 1400 hostium
800 1347 882 1416 ignes,
896 1349 1022 1416 equibus

112 1416 260 1484 conjectare
277 1426 385 1485 poterat,
399 1424 498 1485 quanta
517 1416 655 1469 hominurn
673 1415 814 1469 multitudo
835 1428 914 1470 esset.
950 1419 1021 1471 Jam-

113 1501 166 1554 que
192 1485 238 1538 lux
266 1487 416 1555 appetebat,
441 1503 504 1538 oum
534 1485 667 1538 thoracem
703 1485 811 1539 indutus
841 1488 958 1556 procedit
987 1487 1022 1542 ad

112 1555 219 1623 milites,
233 1562 288 1608 turn
302 1557 415 1624 primum
429 1566 486 1624 post
499 1555 595 1608 vulnus
632 1556 731 1609 roximo
749 1566 898 1625 acceptum.
935 1558 1022 1611 Tanta

112 1633 168 1676 erat
180 1624 251 1693 apud
264 1642 309 1677 eos
321 1627 455 1678 veneratio
476 1625 553 1694 regis,
568 1633 596 1677 ut
612 1573 694 1678 laerte
714 1626 832 1693 periculi,
845 1627 915 1695 quod
935 1626 1022 1681 horre·

111 1691 183 1762 bant,
197 1695 381 1762 cogitationem
395 1696 545 1763 praesentia
557 1694 616 1764 ejus
628 1696 784 1748 excuteret.²
820 1696 895 1749 Laeti
914 1714 976 1764 ergo
995 1706 1022 1750 et

111 1765 282 1817 manantibus
298 1764 406 1832 gaudio³
417 1764 541 1832 lacrimis,
555 1764 720 1817 consalutant
739 1782 810 1830 euru,
824 1775 851 1817 et
871 1766 940 1835 quod
960 1776 1022 1818 ante

112 1842 299 1886 recusaverant
323 1834 433 1902 bellurn,
457 1833 561 1885 seroces
584 1832 737 1901 deposcunt.
788 1833 836 1886 llle
861 1852 890 1886 se
914 1835 1023 1888 ratibns⁴

112 1903 232 1970 equitem
252 1903 474 1971 phalangemque
500 1910 735 1970 transportaturum
765 1919 826 1954 esse
856 1904 1022 1973 pronuntia13

112 1987 191 2040 super
209 1979 280 2024 utres
297 1971 372 2039 jubet
396 1988 458 2024 nare
478 1971 563 2023 levius
580 1982 704 2022 armatos.
740 1971 819 2024 Plura
840 1988 890 2023 nec
909 1972 962 2024 dici
980 1989 1023 2026 res

111 2039 279 2109 desideravit,
298 2057 349 2092 neo
373 2058 419 2093 rex
442 2040 531 2093 dicere
555 2057 602 2109 per
620 2040 800 2093 valetudinem
818 2043 910 2109 potuit.
947 2043 1022 2095 Cete-

112 2125 170 2161 rum
195 2119 267 2161 tanta
284 2111 420 2162 alacritate
439 2110 555 2162 militum
580 2118 649 2162 rates
670 2108 779 2178 junctae
800 2119 867 2179 sunt,
886 2119 914 2163 ut
933 2112 959 2164 in
978 2112 1022 2164 tri·

111 2177 250 2231 duum⁵ad
263 2181 310 2233 Xll
323 2180 397 2232 milia
412 2179 525 2232 effectae
546 2179 606 2232 sint.
642 2181 755 2248 Jamque
776 2179 810 2232 ad
832 2181 1022 2235 transeundum

111 2249 200 2300 omnia
219 2258 382 2318 aptaverant,
401 2267 464 2302 oum
489 2249 569 2317 legati
589 2249 745 2318 Scytharum
765 2250 819 2318 XX,
838 2267 911 2302 more
934 2251 1023 2319 gentis

111 2333 158 2386 per
176 2328 261 2370 castra
283 2321 359 2388 equis
378 2320 456 2388 vecti,
470 2319 602 2371 nuntiare⁶
612 2319 706 2387 jubent
727 2320 790 2388 regi,
811 2318 880 2371 velle
899 2319 970 2397 ipsos
987 2321 1022 2373 ad

112 2401 174 2439 eum
193 2387 318 2440 mandata
336 2388 461 2456 perferre.
497 2388 616 2441 Admissi
635 2390 660 2441 in
680 2387 883 2441 tabernaculum
904 2389 1022 2458 jussique

110 2456 247 2508 considere
261 2457 285 2510 in
299 2457 373 2510 vultu
392 2457 463 2525 regis
480 2457 628 2510 defixerant
646 2457 752 2525 oculos,
770 2457 849 2509 eredo
868 2460 935 2526 quis,
949 2476 1023 2527 mag-

111 2525 230 2578 nitudine
249 2527 363 2596 corporis
386 2527 504 2579 animum
529 2527 739 2595 aestimantibus,
759 2526 882 2578 modicus
906 2525 1024 2582 habitus⁷

111 2593 318 2664 haudquaquam
337 2596 426 2648 famae
444 2595 651 2665 pervidebatur.
687 2594 793 2664 Scythis
811 2607 902 2649 sutem
921 2613 981 2668 non,
993 2607 1023 2652 ut

139 2743 146 2764 ¹
156 2734 302 2795 Equivalent
313 2746 338 2783 to
346 2751 460 2798 pensans.

137 2797 217 2843 ’‘His
229 2811 343 2854 presence
354 2795 428 2842 drove
439 2809 508 2853 away
519 2808 566 2853 sny
578 2793 679 2853 thought
691 2792 719 2840 of
729 2792 772 2840 the
783 2792 890 2862 danger!

139 2855 202 2902 aSee
217 2856 296 2902 Gram.
309 2855 323 2905 l
334 2857 385 2902 291.
416 2853 482 2900 Prae
494 2854 583 2920 gaudio
594 2852 676 2900 would
691 2851 753 2900 have
770 2853 831 2899 been
847 2863 973 2911 incenset,
986 2853 1023 2905 for

113 2931 172 2996 prce,
182 2914 390 3023 isSnsedernpatseq
401 2912 595 3020 qqopreventrom
613 2930 632 2958 e.
642 2928 667 2973 g.
681 2911 728 2959 ‘he
744 2911 816 2959 could
833 2921 873 2960 not
891 2913 968 2972 speak
985 2912 1023 2963 for

112 2989 155 3059 1⁰,y
157 3009 209 3079 2On
225 2990 302 3081 idsrs!
329 2988 363 3078 p„
384 3031 405 3078 is
426 3009 483 3089 orily
504 3031 545 3078 the
566 3039 636 3091 pects
658 3029 714 3078 who
734 3045 778 3078 use
800 3039 863 3078 rates
883 3030 1019 3088 fornacis,

110 3096 217 3218 “iliius
229 3151 249 3198 is
261 3148 436 3219 aremarkable
447 3148 569 3218 deviatiou
580 3146 641 3218 from
652 3148 693 3217 the
704 3149 815 3256 ordinarp
823 3148 875 3197 rule
883 3148 920 3196 sor
929 3147 969 3196 the
978 3163 1020 3196 ex·

110 3222 218 3267 pressron
229 3210 257 3257 os
264 3208 416 3258 trmewrthrn
427 3208 507 3256 which
518 3208 657 3268 something
667 3224 688 3256 rs
698 3208 769 3256 donc.
784 3275 789 3284 Ι
815 3223 843 3256 ee
856 3208 936 3255 Grcm.
945 3206 959 3257 l
967 3210 1020 3265 308,

110 3273 280 3382 ηοῖἓῖὲηοω,
294 3327 375 3376 nnec.
871 3351 876 3361 x
929 3380 936 3390 ,

139 3385 290 3456 'Credoquis
297 3388 398 3494 (quihus)
408 3420 429 3456 2·
468 3386 648 3446 uidebctsr‚ior
656 3388 726 3437 credo
736 3384 842 3448 quodi&
854 3379 1057 3429 mdetflffl’ffl·

103 3441 211 3492 litabatur
218 3444 295 3494 refers
323 3460 365 3496 ere
375 3446 525 3512 prmcrpally
537 3456 567 3498 to
576 3457 687 3501 stature.
