<?xml version="1.0" encoding="UTF-8"?>
<!DOCTYPE html PUBLIC "-//W3C//DTD XHTML 1.0 Transitional//EN"
    "http://www.w3.org/TR/xhtml1/DTD/xhtml1-transitional.dtd">
<html xmlns="http://www.w3.org/1999/xhtml" xml:lang="en" lang="en">
 <head>
  <title>
</title>
<meta http-equiv="Content-Type" content="text/html;charset=utf-8" />
  <meta name='ocr-system' content='tesseract 3.04.00' />
  <meta name='ocr-capabilities' content='ocr_page ocr_carea ocr_par ocr_line ocrx_word'/>
</head>
<body>
  <div class='ocr_page' id='page_1' title='image "./degestisalexand00rufugoog_0262.png"; bbox 0 0 2274 3772; ppageno 0'>
   <div class='ocr_carea' id='block_1_1' title="bbox 456 176 1019 242">
    <p class='ocr_par' dir='ltr' id='par_1_1' title="bbox 456 176 1019 242">
     <span class='ocr_line' id='line_1_1' title="bbox 456 176 1019 242; baseline -0.012 -3"><span class='ocrx_word' id='word_1_1' title='bbox 456 239 457 242; x_wconf 71' lang='grc'>,</span> <span class='ocrx_word' id='word_1_2' title='bbox 477 194 570 237; x_wconf 76' lang='lat' dir='ltr'>arasa</span> <span class='ocrx_word' id='word_1_3' title='bbox 588 193 653 235; x_wconf 88' lang='lat' dir='ltr'>vrtt.</span> <span class='ocrx_word' id='word_1_4' title='bbox 959 176 1019 232; x_wconf 70' lang='lat'>240</span> 
     </span>
    </p>
   </div>
   <div class='ocr_carea' id='block_1_2' title="bbox 108 299 1092 1899">
    <p class='ocr_par' dir='ltr' id='par_1_2' title="bbox 108 299 1019 582">
     <span class='ocr_line' id='line_1_2' title="bbox 108 299 1019 375; baseline -0.005 -18"><span class='ocrx_word' id='word_1_5' title='bbox 108 304 248 375; x_wconf 85' lang='lat' dir='ltr'>penderet,</span> <span class='ocrx_word' id='word_1_6' title='bbox 262 313 289 357; x_wconf 91' lang='lat' dir='ltr'>et</span> <span class='ocrx_word' id='word_1_7' title='bbox 300 321 392 358; x_wconf 88' lang='lat' dir='ltr'>ornore</span> <span class='ocrx_word' id='word_1_8' title='bbox 404 304 504 357; x_wconf 87' lang='lat' dir='ltr'>siccato</span> <span class='ocrx_word' id='word_1_9' title='bbox 515 303 660 370; x_wconf 81' lang='lat' dir='ltr'>frigescens</span> <span class='ocrx_word' id='word_1_10' title='bbox 669 302 767 357; x_wconf 85' lang='lat' dir='ltr'>vulnus</span> <span class='ocrx_word' id='word_1_11' title='bbox 781 307 936 370; x_wconf 76' lang='lat' dir='ltr'>aggravaret</span> <span class='ocrx_word' id='word_1_12' title='bbox 948 299 1019 353; x_wconf 89' lang='lat' dir='ltr'>dolo·</span> 
     </span>
     <span class='ocr_line' id='line_1_3' title="bbox 114 369 1019 442; baseline -0.004 -16"><span class='ocrx_word' id='word_1_13' title='bbox 114 390 178 442; x_wconf 84' lang='lat' dir='ltr'>rem,</span> <span class='ocrx_word' id='word_1_14' title='bbox 192 373 288 426; x_wconf 78' lang='lat' dir='ltr'>dixisse</span> <span class='ocrx_word' id='word_1_15' title='bbox 301 373 389 442; x_wconf 77' lang='lat' dir='ltr'>fertur,</span> <span class='ocrx_word' id='word_1_16' title='bbox 403 391 432 426; x_wconf 91' lang='lat' dir='ltr'>se</span> <span class='ocrx_word' id='word_1_17' title='bbox 444 375 554 442; x_wconf 90' lang='lat' dir='ltr'>quidem</span> <span class='ocrx_word' id='word_1_18' title='bbox 566 372 641 426; x_wconf 83' lang='lat' dir='ltr'>lovis</span> <span class='ocrx_word' id='word_1_19' title='bbox 658 371 744 425; x_wconf 89' lang='lat' dir='ltr'>filium</span> <span class='ocrx_word' id='word_1_20' title='bbox 764 371 824 440; x_wconf 88' lang='lat' dir='ltr'>dici,</span> <span class='ocrx_word' id='word_1_21' title='bbox 838 370 885 422; x_wconf 90' lang='lat' dir='ltr'>sed</span> <span class='ocrx_word' id='word_1_22' title='bbox 905 369 1019 440; x_wconf 85' lang='lat' dir='ltr'>corporis</span> 
     </span>
     <span class='ocr_line' id='line_1_4' title="bbox 112 440 1017 512; baseline -0.002 -18"><span class='ocrx_word' id='word_1_23' title='bbox 112 443 185 512; x_wconf 82' lang='lat' dir='ltr'>aegri</span> <span class='ocrx_word' id='word_1_24' title='bbox 204 443 268 494; x_wconf 82' lang='lat' dir='ltr'>vitia</span> <span class='ocrx_word' id='word_1_25' title='bbox 286 444 393 496; x_wconf 90' lang='lat' dir='ltr'>sentire.</span> <span class='ocrx_word' id='word_1_26' title='bbox 429 444 488 495; x_wconf 93' lang='lat' dir='ltr'>Non</span> <span class='ocrx_word' id='word_1_27' title='bbox 509 452 600 495; x_wconf 88' lang='lat' dir='ltr'>tamen</span> <span class='ocrx_word' id='word_1_28' title='bbox 619 449 683 494; x_wconf 88' lang='lat' dir='ltr'>ante</span> <span class='ocrx_word' id='word_1_29' title='bbox 705 457 734 494; x_wconf 91' lang='lat' dir='ltr'>se</span> <span class='ocrx_word' id='word_1_30' title='bbox 754 441 854 509; x_wconf 89' lang='lat' dir='ltr'>recepit</span> <span class='ocrx_word' id='word_1_31' title='bbox 874 440 902 493; x_wconf 89' lang='lat' dir='ltr'>in</span> <span class='ocrx_word' id='word_1_32' title='bbox 924 447 1017 509; x_wconf 79' lang='lat' dir='ltr'>castra,</span> 
     </span>
     <span class='ocr_line' id='line_1_5' title="bbox 113 509 841 582; baseline -0.003 -18"><span class='ocrx_word' id='word_1_33' title='bbox 113 528 193 582; x_wconf 89' lang='lat' dir='ltr'>quam</span> <span class='ocrx_word' id='word_1_34' title='bbox 207 521 302 564; x_wconf 89' lang='lat' dir='ltr'>cuncta</span> <span class='ocrx_word' id='word_1_35' title='bbox 314 513 454 582; x_wconf 76' lang='lat' dir='ltr'><strong>perspexit,</strong></span> <span class='ocrx_word' id='word_1_36' title='bbox 468 523 495 564; x_wconf 90' lang='lat' dir='ltr'>et</span> <span class='ocrx_word' id='word_1_37' title='bbox 507 527 576 581; x_wconf 85' lang='lat' dir='ltr'>quae</span> <span class='ocrx_word' id='word_1_38' title='bbox 589 510 646 568; x_wconf 87' lang='lat' dir='ltr'>fieri</span> <span class='ocrx_word' id='word_1_39' title='bbox 659 510 740 564; x_wconf 91' lang='lat' dir='ltr'>vellet</span> <span class='ocrx_word' id='word_1_40' title='bbox 751 509 841 563; x_wconf 81' lang='lat' dir='ltr'>edixit.</span> 
     </span>
    </p>

    <p class='ocr_par' dir='ltr' id='par_1_3' title="bbox 111 578 1092 1899">
     <span class='ocr_line' id='line_1_6' title="bbox 148 578 1020 650; baseline -0.002 -17"><span class='ocrx_word' id='word_1_41' title='bbox 148 586 189 634; x_wconf 85' lang='lat'>38.</span> <span class='ocrx_word' id='word_1_42' title='bbox 209 583 286 649; x_wconf 88' lang='lat' dir='ltr'>Ergo,</span> <span class='ocrx_word' id='word_1_43' title='bbox 308 583 375 634; x_wconf 91' lang='lat' dir='ltr'>siout</span> <span class='ocrx_word' id='word_1_44' title='bbox 399 584 559 650; x_wconf 87' lang='lat' dir='ltr'>imperatum</span> <span class='ocrx_word' id='word_1_45' title='bbox 578 588 642 648; x_wconf 87' lang='lat' dir='ltr'>erat,</span> <span class='ocrx_word' id='word_1_46' title='bbox 663 579 710 633; x_wconf 88' lang='lat' dir='ltr'>alii</span> <span class='ocrx_word' id='word_1_47' title='bbox 733 588 808 634; x_wconf 83' lang='lat' dir='ltr'>extra</span> <span class='ocrx_word' id='word_1_48' title='bbox 831 578 925 634; x_wconf 81' lang='lat' dir='ltr'>urbem</span> <span class='ocrx_word' id='word_1_49' title='bbox 948 586 1020 632; x_wconf 86' lang='lat' dir='ltr'>tecta</span> 
     </span>
     <span class='ocr_line' id='line_1_7' title="bbox 113 647 1019 719; baseline -0.004 -15"><span class='ocrx_word' id='word_1_50' title='bbox 113 651 309 719; x_wconf 87' lang='lat' dir='ltr'>moliebantur‚¹</span> <span class='ocrx_word' id='word_1_51' title='bbox 333 652 523 719; x_wconf 77' lang='lat' dir='ltr'>ingentemque</span> <span class='ocrx_word' id='word_1_52' title='bbox 548 651 603 703; x_wconf 91' lang='lat' dir='ltr'>vim</span> <span class='ocrx_word' id='word_1_53' title='bbox 632 650 759 703; x_wconf 89' lang='lat' dir='ltr'>materiae</span> <span class='ocrx_word' id='word_1_54' title='bbox 783 649 905 704; x_wconf 82' lang='lat' dir='ltr'>faciendo</span> <span class='ocrx_word' id='word_1_55' title='bbox 929 647 1019 717; x_wconf 89' lang='lat' dir='ltr'>aggeri</span> 
     </span>
     <span class='ocr_line' id='line_1_8' title="bbox 112 718 1018 789; baseline -0.004 -15"><span class='ocrx_word' id='word_1_56' title='bbox 112 719 305 774; x_wconf 80' lang='lat' dir='ltr'>detrahebant:</span> <span class='ocrx_word' id='word_1_57' title='bbox 330 720 375 773; x_wconf 89' lang='lat' dir='ltr'>alii</span> <span class='ocrx_word' id='word_1_58' title='bbox 398 737 556 788; x_wconf 86' lang='lat' dir='ltr'>magnarum</span> <span class='ocrx_word' id='word_1_59' title='bbox 573 719 695 772; x_wconf 88' lang='lat' dir='ltr'>arborem</span> <span class='ocrx_word' id='word_1_60' title='bbox 717 719 821 789; x_wconf 72' lang='lat' dir='ltr'>stipites</span> <span class='ocrx_word' id='word_1_61' title='bbox 843 736 906 772; x_wconf 88' lang='lat' dir='ltr'>cnm</span> <span class='ocrx_word' id='word_1_62' title='bbox 930 718 1018 788; x_wconf 80' lang='lat' dir='ltr'>ramis,</span> 
     </span>
     <span class='ocr_line' id='line_1_9' title="bbox 112 788 1020 858; baseline -0.003 -16"><span class='ocrx_word' id='word_1_63' title='bbox 112 806 145 842; x_wconf 86' lang='lat' dir='ltr'>ac</span> <span class='ocrx_word' id='word_1_64' title='bbox 157 789 242 842; x_wconf 90' lang='lat' dir='ltr'>moles</span> <span class='ocrx_word' id='word_1_65' title='bbox 260 805 382 843; x_wconf 83' lang='lat' dir='ltr'>saxorum</span> <span class='ocrx_word' id='word_1_66' title='bbox 404 789 431 842; x_wconf 92' lang='lat' dir='ltr'>iu</span> <span class='ocrx_word' id='word_1_67' title='bbox 450 806 578 844; x_wconf 87' lang='lat' dir='ltr'>cavernas</span> <span class='ocrx_word' id='word_1_68' title='bbox 597 788 768 857; x_wconf 85' lang='lat' dir='ltr'>dejiciebant.</span> <span class='ocrx_word' id='word_1_69' title='bbox 803 789 918 858; x_wconf 87' lang='lat' dir='ltr'>Jamque</span> <span class='ocrx_word' id='word_1_70' title='bbox 937 802 1020 855; x_wconf 78' lang='lat' dir='ltr'>agger</span> 
     </span>
     <span class='ocr_line' id='line_1_10' title="bbox 113 858 1020 929; baseline -0.002 -18"><span class='ocrx_word' id='word_1_71' title='bbox 113 868 275 928; x_wconf 87' lang='lat' dir='ltr'>aequaverat</span> <span class='ocrx_word' id='word_1_72' title='bbox 293 875 415 912; x_wconf 85' lang='lat' dir='ltr'>summae</span> <span class='ocrx_word' id='word_1_73' title='bbox 434 858 570 928; x_wconf 80' lang='lat' dir='ltr'>fastigium</span> <span class='ocrx_word' id='word_1_74' title='bbox 594 868 693 911; x_wconf 86' lang='lat' dir='ltr'>terrae:</span> <span class='ocrx_word' id='word_1_75' title='bbox 718 859 809 929; x_wconf 87' lang='lat' dir='ltr'>itaque</span> <span class='ocrx_word' id='word_1_76' title='bbox 827 867 912 912; x_wconf 88' lang='lat' dir='ltr'>turres</span> <span class='ocrx_word' id='word_1_77' title='bbox 935 858 1020 925; x_wconf 84' lang='lat' dir='ltr'>erige·</span> 
     </span>
     <span class='ocr_line' id='line_1_11' title="bbox 113 927 1020 997; baseline 0.001 -17"><span class='ocrx_word' id='word_1_78' title='bbox 113 927 183 996; x_wconf 86' lang='lat' dir='ltr'>bant,</span> <span class='ocrx_word' id='word_1_79' title='bbox 198 945 267 995; x_wconf 87' lang='lat' dir='ltr'>quae</span> <span class='ocrx_word' id='word_1_80' title='bbox 279 944 359 997; x_wconf 91' lang='lat' dir='ltr'>opera</span> <span class='ocrx_word' id='word_1_81' title='bbox 378 929 477 995; x_wconf 87' lang='lat' dir='ltr'>ingenti</span> <span class='ocrx_word' id='word_1_82' title='bbox 496 928 613 981; x_wconf 90' lang='lat' dir='ltr'>militum</span> <span class='ocrx_word' id='word_1_83' title='bbox 631 927 723 980; x_wconf 88' lang='lat' dir='ltr'>ardore</span> <span class='ocrx_word' id='word_1_84' title='bbox 741 928 810 981; x_wconf 86' lang='lat' dir='ltr'>intra</span> <span class='ocrx_word' id='word_1_85' title='bbox 829 943 928 980; x_wconf 89' lang='lat' dir='ltr'>nonum</span> <span class='ocrx_word' id='word_1_86' title='bbox 946 927 1020 981; x_wconf 87' lang='lat' dir='ltr'>diem</span> 
     </span>
     <span class='ocr_line' id='line_1_12' title="bbox 112 996 1092 1066; baseline 0 -18"><span class='ocrx_word' id='word_1_87' title='bbox 112 997 235 1050; x_wconf 88' lang='lat' dir='ltr'>absoluta</span> <span class='ocrx_word' id='word_1_88' title='bbox 252 1006 320 1049; x_wconf 92' lang='lat' dir='ltr'>sunt.</span> <span class='ocrx_word' id='word_1_89' title='bbox 357 996 400 1061; x_wconf 82' lang='lat' dir='ltr'>Ad</span> <span class='ocrx_word' id='word_1_90' title='bbox 411 1014 444 1051; x_wconf 90' lang='lat' dir='ltr'>ea</span> <span class='ocrx_word' id='word_1_91' title='bbox 456 998 567 1050; x_wconf 89' lang='lat' dir='ltr'>visenda</span> <span class='ocrx_word' id='word_1_92' title='bbox 584 1013 637 1066; x_wconf 84' lang='lat' dir='ltr'>rex,</span> <span class='ocrx_word' id='word_1_93' title='bbox 650 997 769 1051; x_wconf 87' lang='lat' dir='ltr'>nondum</span> <span class='ocrx_word' id='word_1_94' title='bbox 785 997 901 1050; x_wconf 86' lang='lat' dir='ltr'>obducta</span> <span class='ocrx_word' id='word_1_95' title='bbox 919 996 1021 1049; x_wconf 86' lang='lat' dir='ltr'>vulneri</span> <span class='ocrx_word' id='word_1_96' title='bbox 1089 1041 1092 1048; x_wconf 88' lang='lat'>.</span> 
     </span>
     <span class='ocr_line' id='line_1_13' title="bbox 113 1065 1020 1136; baseline -0.001 -19"><span class='ocrx_word' id='word_1_97' title='bbox 113 1067 256 1134; x_wconf 73' lang='lat' dir='ltr'>cicatrice,2</span> <span class='ocrx_word' id='word_1_98' title='bbox 278 1067 412 1135; x_wconf 89' lang='lat' dir='ltr'>processit,</span> <span class='ocrx_word' id='word_1_99' title='bbox 437 1066 604 1136; x_wconf 77' lang='lat' dir='ltr'>laudatisque</span> <span class='ocrx_word' id='word_1_100' title='bbox 633 1065 769 1136; x_wconf 86' lang='lat' dir='ltr'>militibus,</span> <span class='ocrx_word' id='word_1_101' title='bbox 799 1066 935 1118; x_wconf 89' lang='lat' dir='ltr'>admoveri</span> <span class='ocrx_word' id='word_1_102' title='bbox 965 1082 1020 1118; x_wconf 88' lang='lat' dir='ltr'>rna·</span> 
     </span>
     <span class='ocr_line' id='line_1_14' title="bbox 113 1133 1022 1205; baseline 0.001 -19"><span class='ocrx_word' id='word_1_103' title='bbox 113 1133 207 1186; x_wconf 89' lang='lat' dir='ltr'>chinas</span> <span class='ocrx_word' id='word_1_104' title='bbox 222 1133 335 1204; x_wconf 84' lang='lat' dir='ltr'>jussit‚e</span> <span class='ocrx_word' id='word_1_105' title='bbox 352 1137 450 1204; x_wconf 88' lang='lat' dir='ltr'>quibus</span> <span class='ocrx_word' id='word_1_106' title='bbox 469 1137 564 1205; x_wconf 90' lang='lat' dir='ltr'>ingens</span> <span class='ocrx_word' id='word_1_107' title='bbox 583 1139 623 1188; x_wconf 90' lang='lat' dir='ltr'>vis</span> <span class='ocrx_word' id='word_1_108' title='bbox 640 1136 753 1189; x_wconf 88' lang='lat' dir='ltr'>telorum</span> <span class='ocrx_word' id='word_1_109' title='bbox 771 1137 799 1189; x_wconf 92' lang='lat' dir='ltr'>in</span> <span class='ocrx_word' id='word_1_110' title='bbox 816 1144 1022 1205; x_wconf 78' lang='lat' dir='ltr'>propugnatores</span> 
     </span>
     <span class='ocr_line' id='line_1_15' title="bbox 113 1203 1022 1275; baseline 0 -21"><span class='ocrx_word' id='word_1_111' title='bbox 113 1203 201 1255; x_wconf 84' lang='lat' dir='ltr'>effusa</span> <span class='ocrx_word' id='word_1_112' title='bbox 212 1212 262 1256; x_wconf 89' lang='lat' dir='ltr'>est.</span> <span class='ocrx_word' id='word_1_113' title='bbox 297 1205 443 1275; x_wconf 86' lang='lat' dir='ltr'>Praecipue</span> <span class='ocrx_word' id='word_1_114' title='bbox 456 1206 535 1258; x_wconf 89' lang='lat' dir='ltr'>rudes</span> <span class='ocrx_word' id='word_1_115' title='bbox 543 1205 638 1260; x_wconf 83' lang='lat' dir='ltr'>talium</span> <span class='ocrx_word' id='word_1_116' title='bbox 647 1221 757 1275; x_wconf 88' lang='lat' dir='ltr'>operum</span> <span class='ocrx_word' id='word_1_117' title='bbox 766 1204 899 1259; x_wconf 88' lang='lat' dir='ltr'>terrebant</span> <span class='ocrx_word' id='word_1_118' title='bbox 908 1203 1022 1256; x_wconf 91' lang='lat' dir='ltr'>mobiles</span> 
     </span>
     <span class='ocr_line' id='line_1_16' title="bbox 113 1273 1020 1345; baseline 0 -21"><span class='ocrx_word' id='word_1_119' title='bbox 113 1281 205 1341; x_wconf 88' lang='lat' dir='ltr'>turres,</span> <span class='ocrx_word' id='word_1_120' title='bbox 220 1282 358 1342; x_wconf 88' lang='lat' dir='ltr'>tantasque</span> <span class='ocrx_word' id='word_1_121' title='bbox 371 1274 456 1328; x_wconf 89' lang='lat' dir='ltr'>moles</span> <span class='ocrx_word' id='word_1_122' title='bbox 473 1274 547 1328; x_wconf 90' lang='lat' dir='ltr'>nulla</span> <span class='ocrx_word' id='word_1_123' title='bbox 564 1291 614 1345; x_wconf 93' lang='lat' dir='ltr'>ope</span> <span class='ocrx_word' id='word_1_124' title='bbox 633 1292 702 1345; x_wconf 90' lang='lat' dir='ltr'>quae</span> <span class='ocrx_word' id='word_1_125' title='bbox 720 1283 872 1327; x_wconf 83' lang='lat' dir='ltr'>comeretur</span> <span class='ocrx_word' id='word_1_126' title='bbox 883 1273 1020 1340; x_wconf 85' lang='lat' dir='ltr'>adductas,</span> 
     </span>
     <span class='ocr_line' id='line_1_17' title="bbox 113 1341 1021 1414; baseline -0.001 -20"><span class='ocrx_word' id='word_1_127' title='bbox 113 1341 222 1395; x_wconf 88' lang='lat' dir='ltr'>deornm</span> <span class='ocrx_word' id='word_1_128' title='bbox 243 1344 352 1396; x_wconf 90' lang='lat' dir='ltr'>numine</span> <span class='ocrx_word' id='word_1_129' title='bbox 371 1345 416 1412; x_wconf 84' lang='lat' dir='ltr'>agi</span> <span class='ocrx_word' id='word_1_130' title='bbox 433 1344 586 1413; x_wconf 84' lang='lat' dir='ltr'>credebant,</span> <span class='ocrx_word' id='word_1_131' title='bbox 600 1345 654 1414; x_wconf 85' lang='lat' dir='ltr'>pila</span> <span class='ocrx_word' id='word_1_132' title='bbox 672 1360 779 1414; x_wconf 87' lang='lat' dir='ltr'>quoque</span> <span class='ocrx_word' id='word_1_133' title='bbox 796 1342 919 1396; x_wconf 81' lang='lat' dir='ltr'>muralia⁸</span> <span class='ocrx_word' id='word_1_134' title='bbox 931 1351 958 1394; x_wconf 89' lang='lat' dir='ltr'>et</span> <span class='ocrx_word' id='word_1_135' title='bbox 977 1357 1021 1394; x_wconf 81' lang='lat' dir='ltr'>ex·</span> 
     </span>
     <span class='ocr_line' id='line_1_18' title="bbox 112 1412 1022 1483; baseline 0.001 -21"><span class='ocrx_word' id='word_1_136' title='bbox 112 1427 205 1464; x_wconf 91' lang='lat' dir='ltr'>cussas</span> <span class='ocrx_word' id='word_1_137' title='bbox 216 1413 352 1465; x_wconf 89' lang='lat' dir='ltr'>tormentis</span> <span class='ocrx_word' id='word_1_138' title='bbox 363 1429 521 1483; x_wconf 80' lang='lat' dir='ltr'>praegraves</span> <span class='ocrx_word' id='word_1_139' title='bbox 537 1413 628 1467; x_wconf 88' lang='lat' dir='ltr'>hastas</span> <span class='ocrx_word' id='word_1_140' title='bbox 643 1415 778 1482; x_wconf 85' lang='lat' dir='ltr'>negabant</span> <span class='ocrx_word' id='word_1_141' title='bbox 795 1412 937 1465; x_wconf 88' lang='lat' dir='ltr'>convenire</span> <span class='ocrx_word' id='word_1_142' title='bbox 954 1427 1022 1463; x_wconf 86' lang='lat' dir='ltr'>mor·</span> 
     </span>
     <span class='ocr_line' id='line_1_19' title="bbox 113 1479 1022 1553; baseline 0.002 -22"><span class='ocrx_word' id='word_1_143' title='bbox 113 1479 217 1532; x_wconf 89' lang='lat' dir='ltr'>talibus.</span> <span class='ocrx_word' id='word_1_144' title='bbox 253 1482 346 1550; x_wconf 88' lang='lat' dir='ltr'>ltaque</span> <span class='ocrx_word' id='word_1_145' title='bbox 363 1483 504 1553; x_wconf 87' lang='lat' dir='ltr'>desperata</span> <span class='ocrx_word' id='word_1_146' title='bbox 521 1483 594 1536; x_wconf 89' lang='lat' dir='ltr'>urbis</span> <span class='ocrx_word' id='word_1_147' title='bbox 611 1483 694 1537; x_wconf 90' lang='lat' dir='ltr'>tutela</span> <span class='ocrx_word' id='word_1_148' title='bbox 704 1499 860 1537; x_wconf 86' lang='lat' dir='ltr'>concessere</span> <span class='ocrx_word' id='word_1_149' title='bbox 878 1481 905 1533; x_wconf 92' lang='lat' dir='ltr'>in</span> <span class='ocrx_word' id='word_1_150' title='bbox 922 1496 1022 1533; x_wconf 84' lang='lat' dir='ltr'>arcem.</span> 
     </span>
     <span class='ocr_line' id='line_1_20' title="bbox 112 1548 1022 1625; baseline 0.002 -25"><span class='ocrx_word' id='word_1_151' title='bbox 112 1548 185 1616; x_wconf 87' lang='lat' dir='ltr'>lude,</span> <span class='ocrx_word' id='word_1_152' title='bbox 198 1550 261 1619; x_wconf 91' lang='lat' dir='ltr'>quia</span> <span class='ocrx_word' id='word_1_153' title='bbox 278 1549 342 1603; x_wconf 91' lang='lat' dir='ltr'>nihil</span> <span class='ocrx_word' id='word_1_154' title='bbox 360 1552 476 1605; x_wconf 87' lang='lat' dir='ltr'>obsessis</span> <span class='ocrx_word' id='word_1_155' title='bbox 492 1563 597 1625; x_wconf 88' lang='lat' dir='ltr'>praeter</span> <span class='ocrx_word' id='word_1_156' title='bbox 613 1553 775 1607; x_wconf 90' lang='lat' dir='ltr'>deditionem</span> <span class='ocrx_word' id='word_1_157' title='bbox 812 1551 926 1620; x_wconf 82' lang='lat' dir='ltr'>lacebat,</span> <span class='ocrx_word' id='word_1_158' title='bbox 941 1549 1022 1617; x_wconf 86' lang='lat' dir='ltr'>legati</span> 
     </span>
     <span class='ocr_line' id='line_1_21' title="bbox 111 1570 1020 1693; baseline 0 -23"><span class='ocrx_word' id='word_1_159' title='bbox 111 1617 146 1670; x_wconf 91' lang='lat' dir='ltr'>ad</span> <span class='ocrx_word' id='word_1_160' title='bbox 169 1636 260 1687; x_wconf 86' lang='lat' dir='ltr'>regem</span> <span class='ocrx_word' id='word_1_161' title='bbox 283 1620 478 1676; x_wconf 87' lang='lat' dir='ltr'>descenderunt</span> <span class='ocrx_word' id='word_1_162' title='bbox 502 1624 608 1677; x_wconf 89' lang='lat' dir='ltr'>veniam</span> <span class='ocrx_word' id='word_1_163' title='bbox 633 1624 746 1693; x_wconf 88' lang='lat' dir='ltr'>petituri.</span> <span class='ocrx_word' id='word_1_164' title='bbox 790 1570 849 1680; x_wconf 54' lang='lat' dir='ltr'>gua</span> <span class='ocrx_word' id='word_1_165' title='bbox 873 1622 1020 1689; x_wconf 78' lang='lat' dir='ltr'>impetrata,</span> 
     </span>
     <span class='ocr_line' id='line_1_22' title="bbox 113 1688 1022 1760; baseline 0.002 -21"><span class='ocrx_word' id='word_1_166' title='bbox 113 1688 203 1755; x_wconf 87' lang='lat' dir='ltr'>regina</span> <span class='ocrx_word' id='word_1_167' title='bbox 221 1690 294 1742; x_wconf 89' lang='lat' dir='ltr'>venit</span> <span class='ocrx_word' id='word_1_168' title='bbox 313 1707 375 1743; x_wconf 90' lang='lat' dir='ltr'>cnm</span> <span class='ocrx_word' id='word_1_169' title='bbox 394 1708 491 1760; x_wconf 91' lang='lat' dir='ltr'>magno</span> <span class='ocrx_word' id='word_1_170' title='bbox 508 1692 636 1746; x_wconf 89' lang='lat' dir='ltr'>nobilium</span> <span class='ocrx_word' id='word_1_171' title='bbox 655 1691 817 1746; x_wconf 86' lang='lat' dir='ltr'>feminarum</span> <span class='ocrx_word' id='word_1_172' title='bbox 835 1706 916 1759; x_wconf 88' lang='lat' dir='ltr'>grege</span> <span class='ocrx_word' id='word_1_173' title='bbox 935 1689 1022 1741; x_wconf 89' lang='lat' dir='ltr'>aureis</span> 
     </span>
     <span class='ocr_line' id='line_1_23' title="bbox 111 1755 1022 1830; baseline -0.001 -21"><span class='ocrx_word' id='word_1_174' title='bbox 111 1758 210 1826; x_wconf 88' lang='lat' dir='ltr'>pateris</span> <span class='ocrx_word' id='word_1_175' title='bbox 229 1759 290 1811; x_wconf 91' lang='lat' dir='ltr'>vina</span> <span class='ocrx_word' id='word_1_176' title='bbox 307 1759 467 1813; x_wconf 84' lang='lat' dir='ltr'>libentium.⁴</span> <span class='ocrx_word' id='word_1_177' title='bbox 513 1762 574 1814; x_wconf 86' lang='lat' dir='ltr'>Isa</span> <span class='ocrx_word' id='word_1_178' title='bbox 590 1762 704 1830; x_wconf 87' lang='lat' dir='ltr'>genibus</span> <span class='ocrx_word' id='word_1_179' title='bbox 721 1762 791 1829; x_wconf 90' lang='lat' dir='ltr'>regis</span> <span class='ocrx_word' id='word_1_180' title='bbox 826 1759 959 1811; x_wconf 87' lang='lat' dir='ltr'>arvofilio</span> <span class='ocrx_word' id='word_1_181' title='bbox 976 1755 1022 1809; x_wconf 85' lang='lat' dir='ltr'>ad·</span> 
     </span>
     <span class='ocr_line' id='line_1_24' title="bbox 111 1778 1021 1899; baseline -0.002 -20"><span class='ocrx_word' id='word_1_182' title='bbox 111 1836 191 1894; x_wconf 86' lang='lat' dir='ltr'>moto,</span> <span class='ocrx_word' id='word_1_183' title='bbox 204 1844 256 1881; x_wconf 91' lang='lat' dir='ltr'>non</span> <span class='ocrx_word' id='word_1_184' title='bbox 267 1830 374 1882; x_wconf 87' lang='lat' dir='ltr'>veniam</span> <span class='ocrx_word' id='word_1_185' title='bbox 392 1831 478 1898; x_wconf 81' lang='lat' dir='ltr'>modo,</span> <span class='ocrx_word' id='word_1_186' title='bbox 492 1779 543 1884; x_wconf 77' lang='lat' dir='ltr'>sed</span> <span class='ocrx_word' id='word_1_187' title='bbox 557 1831 640 1883; x_wconf 91' lang='lat' dir='ltr'>etiam</span> <span class='ocrx_word' id='word_1_188' title='bbox 656 1830 783 1899; x_wconf 88' lang='lat' dir='ltr'>pristinae</span> <span class='ocrx_word' id='word_1_189' title='bbox 801 1778 921 1880; x_wconf 71' lang='lat' dir='ltr'>linense</span> <span class='ocrx_word' id='word_1_190' title='bbox 940 1828 1021 1894; x_wconf 86' lang='lat' dir='ltr'>impe·</span> 
     </span>
    </p>
   </div>
   <div class='ocr_carea' id='block_1_3' title="bbox 111 1894 1024 2368">
    <p class='ocr_par' dir='ltr' id='par_1_4' title="bbox 111 1894 1024 2368">
     <span class='ocr_line' id='line_1_25' title="bbox 113 1894 1022 1968; baseline -0.001 -21"><span class='ocrx_word' id='word_1_191' title='bbox 113 1897 190 1947; x_wconf 87' lang='lat' dir='ltr'>travit</span> <span class='ocrx_word' id='word_1_192' title='bbox 201 1896 292 1949; x_wconf 88' lang='lat' dir='ltr'>decus.</span> <span class='ocrx_word' id='word_1_193' title='bbox 329 1897 433 1967; x_wconf 85' lang='lat' dir='ltr'>Quippe</span> <span class='ocrx_word' id='word_1_194' title='bbox 445 1899 579 1968; x_wconf 88' lang='lat' dir='ltr'>appellata</span> <span class='ocrx_word' id='word_1_195' title='bbox 590 1900 682 1967; x_wconf 88' lang='lat' dir='ltr'>regina</span> <span class='ocrx_word' id='word_1_196' title='bbox 699 1907 755 1966; x_wconf 87' lang='lat' dir='ltr'>est;</span> <span class='ocrx_word' id='word_1_197' title='bbox 773 1905 800 1949; x_wconf 87' lang='lat' dir='ltr'>et</span> <span class='ocrx_word' id='word_1_198' title='bbox 817 1896 953 1949; x_wconf 88' lang='lat' dir='ltr'>credidere</span> <span class='ocrx_word' id='word_1_199' title='bbox 965 1894 1022 1963; x_wconf 88' lang='lat' dir='ltr'>qui·</span> 
     </span>
     <span class='ocr_line' id='line_1_26' title="bbox 112 1964 1023 2036; baseline -0.002 -20"><span class='ocrx_word' id='word_1_200' title='bbox 112 1964 182 2032; x_wconf 83' lang='lat' dir='ltr'>dam,</span> <span class='ocrx_word' id='word_1_201' title='bbox 197 1965 257 2033; x_wconf 91' lang='lat' dir='ltr'>plus</span> <span class='ocrx_word' id='word_1_202' title='bbox 275 1965 383 2036; x_wconf 82' lang='lat' dir='ltr'>formae,</span> <span class='ocrx_word' id='word_1_203' title='bbox 396 1983 477 2036; x_wconf 84' lang='lat' dir='ltr'>quarn</span> <span class='ocrx_word' id='word_1_204' title='bbox 496 1967 657 2021; x_wconf 87' lang='lat' dir='ltr'>miserationi</span> <span class='ocrx_word' id='word_1_205' title='bbox 675 1968 788 2019; x_wconf 70' lang='lat' dir='ltr'>datum.⁶</span> <span class='ocrx_word' id='word_1_206' title='bbox 822 1966 906 2018; x_wconf 89' lang='lat' dir='ltr'>Puero</span> <span class='ocrx_word' id='word_1_207' title='bbox 918 1979 1023 2032; x_wconf 87' lang='lat' dir='ltr'>quoque</span> 
     </span>
     <span class='ocr_line' id='line_1_27' title="bbox 112 2034 970 2105; baseline -0.001 -20"><span class='ocrx_word' id='word_1_208' title='bbox 112 2041 185 2086; x_wconf 86' lang='lat' dir='ltr'>certe</span> <span class='ocrx_word' id='word_1_209' title='bbox 197 2042 290 2103; x_wconf 87' lang='lat' dir='ltr'>postea</span> <span class='ocrx_word' id='word_1_210' title='bbox 301 2051 337 2088; x_wconf 79' lang='lat' dir='ltr'>err</span> <span class='ocrx_word' id='word_1_211' title='bbox 346 2052 380 2087; x_wconf 88' lang='lat' dir='ltr'>ea</span> <span class='ocrx_word' id='word_1_212' title='bbox 392 2046 527 2105; x_wconf 88' lang='lat' dir='ltr'>utcunque</span> <span class='ocrx_word' id='word_1_213' title='bbox 538 2037 628 2104; x_wconf 86' lang='lat' dir='ltr'>genito</span> <span class='ocrx_word' id='word_1_214' title='bbox 640 2035 791 2089; x_wconf 84' lang='lat' dir='ltr'>Alexandro</span> <span class='ocrx_word' id='word_1_215' title='bbox 803 2034 852 2087; x_wconf 87' lang='lat' dir='ltr'>luit</span> <span class='ocrx_word' id='word_1_216' title='bbox 864 2050 970 2087; x_wconf 90' lang='lat' dir='ltr'>nomen.</span> 
     </span>
     <span class='ocr_line' id='line_1_28' title="bbox 146 2101 1022 2174; baseline 0 -21"><span class='ocrx_word' id='word_1_217' title='bbox 146 2107 189 2154; x_wconf 78' lang='lat'>39.</span> <span class='ocrx_word' id='word_1_218' title='bbox 215 2104 282 2156; x_wconf 88' lang='lat' dir='ltr'>Hinc</span> <span class='ocrx_word' id='word_1_219' title='bbox 311 2104 472 2174; x_wconf 79' lang='lat' dir='ltr'>Polypercon</span> <span class='ocrx_word' id='word_1_220' title='bbox 502 2104 537 2158; x_wconf 90' lang='lat' dir='ltr'>ad</span> <span class='ocrx_word' id='word_1_221' title='bbox 568 2104 662 2158; x_wconf 87' lang='lat' dir='ltr'>urbem</span> <span class='ocrx_word' id='word_1_222' title='bbox 687 2106 788 2158; x_wconf 87' lang='lat' dir='ltr'>Noram</span> <span class='ocrx_word' id='word_1_223' title='bbox 813 2121 874 2157; x_wconf 90' lang='lat' dir='ltr'>cnm</span> <span class='ocrx_word' id='word_1_224' title='bbox 904 2101 1022 2156; x_wconf 83' lang='lat' dir='ltr'>exercitu</span> 
     </span>
     <span class='ocr_line' id='line_1_29' title="bbox 112 2173 1024 2244; baseline -0.001 -20"><span class='ocrx_word' id='word_1_225' title='bbox 112 2175 217 2242; x_wconf 85' lang='lat' dir='ltr'>missus,</span> <span class='ocrx_word' id='word_1_226' title='bbox 236 2173 384 2226; x_wconf 89' lang='lat' dir='ltr'>inconditos</span> <span class='ocrx_word' id='word_1_227' title='bbox 401 2174 545 2244; x_wconf 87' lang='lat' dir='ltr'>oppidanos</span> <span class='ocrx_word' id='word_1_228' title='bbox 562 2174 660 2244; x_wconf 90' lang='lat' dir='ltr'>proelio</span> <span class='ocrx_word' id='word_1_229' title='bbox 677 2175 756 2228; x_wconf 90' lang='lat' dir='ltr'>vicit:</span> <span class='ocrx_word' id='word_1_230' title='bbox 774 2174 842 2227; x_wconf 89' lang='lat' dir='ltr'>intra</span> <span class='ocrx_word' id='word_1_231' title='bbox 858 2173 1024 2226; x_wconf 86' lang='lat' dir='ltr'>munimenta</span> 
     </span>
     <span class='ocr_line' id='line_1_30' title="bbox 111 2242 1023 2368; baseline 0 -75"><span class='ocrx_word' id='word_1_232' title='bbox 111 2243 263 2311; x_wconf 90' lang='lat' dir='ltr'>compulsos</span> <span class='ocrx_word' id='word_1_233' title='bbox 274 2252 388 2311; x_wconf 71' lang='lat' dir='ltr'>secutus</span> <span class='ocrx_word' id='word_1_234' title='bbox 402 2244 495 2298; x_wconf 90' lang='lat' dir='ltr'>urbem</span> <span class='ocrx_word' id='word_1_235' title='bbox 514 2245 540 2298; x_wconf 91' lang='lat' dir='ltr'>in</span> <span class='ocrx_word' id='word_1_236' title='bbox 559 2244 692 2297; x_wconf 88' lang='lat' dir='ltr'>dicionem</span> <span class='ocrx_word' id='word_1_237' title='bbox 704 2245 814 2312; x_wconf 92' lang='lat' dir='ltr'>redegit.</span> <span class='ocrx_word' id='word_1_238' title='bbox 850 2243 938 2296; x_wconf 87' lang='lat' dir='ltr'>Multa</span> <span class='ocrx_word' id='word_1_239' title='bbox 951 2242 1023 2368; x_wconf 54' lang='lat' dir='ltr'>igno·</span> 
     </span>
    </p>
   </div>
   <div class='ocr_carea' id='block_1_4' title="bbox 111 2310 1025 2798">
    <p class='ocr_par' dir='ltr' id='par_1_5' title="bbox 111 2310 1025 2798">
     <span class='ocr_line' id='line_1_31' title="bbox 111 2310 1023 2383; baseline -0.002 -19"><span class='ocrx_word' id='word_1_240' title='bbox 111 2310 177 2364; x_wconf 91' lang='lat' dir='ltr'>bilia</span> <span class='ocrx_word' id='word_1_241' title='bbox 188 2311 284 2381; x_wconf 88' lang='lat' dir='ltr'>oppida</span> <span class='ocrx_word' id='word_1_242' title='bbox 301 2313 407 2366; x_wconf 88' lang='lat' dir='ltr'>deserta</span> <span class='ocrx_word' id='word_1_243' title='bbox 418 2330 435 2365; x_wconf 87' lang='lat' dir='ltr'>a</span> <span class='ocrx_word' id='word_1_244' title='bbox 447 2315 503 2367; x_wconf 88' lang='lat' dir='ltr'>suis</span> <span class='ocrx_word' id='word_1_245' title='bbox 514 2331 611 2367; x_wconf 87' lang='lat' dir='ltr'>venere</span> <span class='ocrx_word' id='word_1_246' title='bbox 624 2314 650 2367; x_wconf 92' lang='lat' dir='ltr'>in</span> <span class='ocrx_word' id='word_1_247' title='bbox 663 2314 733 2382; x_wconf 89' lang='lat' dir='ltr'>regis</span> <span class='ocrx_word' id='word_1_248' title='bbox 751 2321 919 2383; x_wconf 89' lang='lat' dir='ltr'>potestatem.</span> <span class='ocrx_word' id='word_1_249' title='bbox 979 2325 1023 2362; x_wconf 90' lang='lat' dir='ltr'>no·</span> 
     </span>
     <span class='ocr_line' id='line_1_32' title="bbox 112 2380 1022 2452; baseline -0.001 -20"><span class='ocrx_word' id='word_1_250' title='bbox 112 2396 169 2433; x_wconf 90' lang='lat' dir='ltr'>rum</span> <span class='ocrx_word' id='word_1_251' title='bbox 194 2380 295 2436; x_wconf 90' lang='lat' dir='ltr'>incolae</span> <span class='ocrx_word' id='word_1_252' title='bbox 317 2381 414 2435; x_wconf 90' lang='lat' dir='ltr'>armati</span> <span class='ocrx_word' id='word_1_253' title='bbox 437 2393 541 2452; x_wconf 90' lang='lat' dir='ltr'>petram</span> <span class='ocrx_word' id='word_1_254' title='bbox 558 2384 656 2437; x_wconf 83' lang='lat' dir='ltr'>Aornin</span> <span class='ocrx_word' id='word_1_255' title='bbox 680 2383 799 2436; x_wconf 75' lang='lat' dir='ltr'>nomine⁸</span> <span class='ocrx_word' id='word_1_256' title='bbox 817 2387 1022 2450; x_wconf 87' lang='lat' dir='ltr'>occupaverunt.</span> 
     </span>
     <span class='ocr_line' id='line_1_33' title="bbox 112 2449 1024 2522; baseline 0 -21"><span class='ocrx_word' id='word_1_257' title='bbox 112 2449 189 2501; x_wconf 87' lang='lat' dir='ltr'>Hanc</span> <span class='ocrx_word' id='word_1_258' title='bbox 199 2450 235 2503; x_wconf 89' lang='lat' dir='ltr'>ab</span> <span class='ocrx_word' id='word_1_259' title='bbox 246 2450 360 2504; x_wconf 89' lang='lat' dir='ltr'>Hercule</span> <span class='ocrx_word' id='word_1_260' title='bbox 373 2451 468 2505; x_wconf 83' lang='lat' dir='ltr'>frustra</span> <span class='ocrx_word' id='word_1_261' title='bbox 480 2453 618 2506; x_wconf 85' lang='lat' dir='ltr'>obsessam</span> <span class='ocrx_word' id='word_1_262' title='bbox 629 2468 697 2522; x_wconf 87' lang='lat' dir='ltr'>esse,</span> <span class='ocrx_word' id='word_1_263' title='bbox 711 2462 850 2520; x_wconf 89' lang='lat' dir='ltr'>terraeque</span> <span class='ocrx_word' id='word_1_264' title='bbox 861 2459 935 2503; x_wconf 90' lang='lat' dir='ltr'>motu</span> <span class='ocrx_word' id='word_1_265' title='bbox 947 2464 1024 2501; x_wconf 87' lang='lat' dir='ltr'>coao-</span> 
     </span>
     <span class='ocr_line' id='line_1_34' title="bbox 112 2518 1024 2591; baseline 0.001 -21"><span class='ocrx_word' id='word_1_266' title='bbox 112 2526 170 2570; x_wconf 91' lang='lat' dir='ltr'>tum</span> <span class='ocrx_word' id='word_1_267' title='bbox 192 2519 328 2588; x_wconf 83' lang='lat' dir='ltr'>absistere,</span> <span class='ocrx_word' id='word_1_268' title='bbox 349 2520 422 2573; x_wconf 87' lang='lat' dir='ltr'>sarna</span> <span class='ocrx_word' id='word_1_269' title='bbox 446 2521 607 2591; x_wconf 88' lang='lat' dir='ltr'>vulgaverat.</span> <span class='ocrx_word' id='word_1_270' title='bbox 653 2522 764 2591; x_wconf 89' lang='lat' dir='ltr'>Inopem</span> <span class='ocrx_word' id='word_1_271' title='bbox 786 2520 888 2573; x_wconf 89' lang='lat' dir='ltr'>consilii</span> <span class='ocrx_word' id='word_1_272' title='bbox 911 2518 1024 2571; x_wconf 86' lang='lat' dir='ltr'>Alexan·</span> 
     </span>
     <span class='ocr_line' id='line_1_35' title="bbox 111 2586 1025 2661; baseline -0.003 -18"><span class='ocrx_word' id='word_1_273' title='bbox 111 2586 199 2658; x_wconf 80' lang='lat' dir='ltr'>drum,</span> <span class='ocrx_word' id='word_1_274' title='bbox 217 2589 280 2658; x_wconf 88' lang='lat' dir='ltr'>quia</span> <span class='ocrx_word' id='word_1_275' title='bbox 298 2588 416 2659; x_wconf 86' lang='lat' dir='ltr'>undique</span> <span class='ocrx_word' id='word_1_276' title='bbox 433 2608 562 2661; x_wconf 87' lang='lat' dir='ltr'>praeceps</span> <span class='ocrx_word' id='word_1_277' title='bbox 579 2599 606 2643; x_wconf 92' lang='lat' dir='ltr'>et</span> <span class='ocrx_word' id='word_1_278' title='bbox 623 2591 735 2660; x_wconf 88' lang='lat' dir='ltr'>abrupta</span> <span class='ocrx_word' id='word_1_279' title='bbox 753 2606 832 2659; x_wconf 87' lang='lat' dir='ltr'>rupes</span> <span class='ocrx_word' id='word_1_280' title='bbox 855 2597 917 2658; x_wconf 76' lang='lat' dir='ltr'>emt,</span> <span class='ocrx_word' id='word_1_281' title='bbox 938 2587 1025 2640; x_wconf 90' lang='lat' dir='ltr'>senior</span> 
     </span>
     <span class='ocr_line' id='line_1_36' title="bbox 111 2656 1024 2728; baseline 0.002 -19"><span class='ocrx_word' id='word_1_282' title='bbox 111 2657 223 2728; x_wconf 84' lang='lat' dir='ltr'>quidam</span> <span class='ocrx_word' id='word_1_283' title='bbox 241 2658 341 2728; x_wconf 89' lang='lat' dir='ltr'>peritus</span> <span class='ocrx_word' id='word_1_284' title='bbox 361 2659 477 2715; x_wconf 88' lang='lat' dir='ltr'>lucorum</span> <span class='ocrx_word' id='word_1_285' title='bbox 497 2677 558 2715; x_wconf 88' lang='lat' dir='ltr'>curn</span> <span class='ocrx_word' id='word_1_286' title='bbox 578 2661 682 2714; x_wconf 89' lang='lat' dir='ltr'>duobus</span> <span class='ocrx_word' id='word_1_287' title='bbox 701 2659 763 2715; x_wconf 88' lang='lat' dir='ltr'>filiis</span> <span class='ocrx_word' id='word_1_288' title='bbox 782 2657 845 2728; x_wconf 81' lang='lat' dir='ltr'>adit,</span> <span class='ocrx_word' id='word_1_289' title='bbox 866 2659 889 2712; x_wconf 92' lang='lat' dir='ltr'>si</span> <span class='ocrx_word' id='word_1_290' title='bbox 907 2656 1024 2727; x_wconf 87' lang='lat' dir='ltr'>pretium</span> 
     </span>
     <span class='ocr_line' id='line_1_37' title="bbox 112 2728 1022 2798; baseline -0.001 -19"><span class='ocrx_word' id='word_1_291' title='bbox 112 2743 208 2797; x_wconf 88' lang='lat' dir='ltr'>operae</span> <span class='ocrx_word' id='word_1_292' title='bbox 238 2737 316 2797; x_wconf 84' lang='lat' dir='ltr'>esset,</span> <span class='ocrx_word' id='word_1_293' title='bbox 346 2729 447 2784; x_wconf 88' lang='lat' dir='ltr'>aditum</span> <span class='ocrx_word' id='word_1_294' title='bbox 477 2747 506 2784; x_wconf 89' lang='lat' dir='ltr'>se</span> <span class='ocrx_word' id='word_1_295' title='bbox 535 2738 742 2791; x_wconf 88' lang='lat' dir='ltr'>monstraturum</span> <span class='ocrx_word' id='word_1_296' title='bbox 770 2744 831 2781; x_wconf 90' lang='lat' dir='ltr'>esse</span> <span class='ocrx_word' id='word_1_297' title='bbox 859 2728 1022 2798; x_wconf 87' lang='lat' dir='ltr'>promittens.</span> 
     </span>
    </p>
   </div>
   <div class='ocr_carea' id='block_1_5' title="bbox 110 2846 1056 3502">
    <p class='ocr_par' dir='ltr' id='par_1_6' title="bbox 112 2846 1022 2968">
     <span class='ocr_line' id='line_1_38' title="bbox 142 2846 1022 2908; baseline 0.001 -14"><span class='ocrx_word' id='word_1_298' title='bbox 142 2847 208 2894; x_wconf 90' lang='lat' dir='ltr'>¹We</span> <span class='ocrx_word' id='word_1_299' title='bbox 224 2863 281 2906; x_wconf 87' lang='lat' dir='ltr'>may</span> <span class='ocrx_word' id='word_1_300' title='bbox 294 2848 348 2908; x_wconf 89' lang='lat' dir='ltr'>give</span> <span class='ocrx_word' id='word_1_301' title='bbox 365 2847 406 2895; x_wconf 90' lang='lat' dir='ltr'>the</span> <span class='ocrx_word' id='word_1_302' title='bbox 423 2864 494 2896; x_wconf 90' lang='lat' dir='ltr'>sense</span> <span class='ocrx_word' id='word_1_303' title='bbox 510 2849 543 2908; x_wconf 90' lang='lat' dir='ltr'>by</span> <span class='ocrx_word' id='word_1_304' title='bbox 556 2853 607 2896; x_wconf 85' lang='lat' dir='ltr'>‘set</span> <span class='ocrx_word' id='word_1_305' title='bbox 619 2858 645 2896; x_wconf 92' lang='lat' dir='ltr'>to</span> <span class='ocrx_word' id='word_1_306' title='bbox 655 2847 725 2896; x_wconf 81' lang='lat' dir='ltr'>work</span> <span class='ocrx_word' id='word_1_307' title='bbox 735 2847 819 2896; x_wconf 75' lang='lat' dir='ltr'>withr’</span> <span class='ocrx_word' id='word_1_308' title='bbox 837 2848 862 2896; x_wconf 93' lang='lat' dir='ltr'>in</span> <span class='ocrx_word' id='word_1_309' title='bbox 876 2846 1022 2897; x_wconf 90' lang='lat' dir='ltr'>connection</span> 
     </span>
     <span class='ocr_line' id='line_1_39' title="bbox 112 2906 962 2968; baseline 0.001 -15"><span class='ocrx_word' id='word_1_310' title='bbox 112 2906 173 2954; x_wconf 84' lang='lat' dir='ltr'>with</span> <span class='ocrx_word' id='word_1_311' title='bbox 185 2906 225 2954; x_wconf 85' lang='lat' dir='ltr'>the</span> <span class='ocrx_word' id='word_1_312' title='bbox 237 2906 362 2967; x_wconf 86' lang='lat' dir='ltr'>following</span> <span class='ocrx_word' id='word_1_313' title='bbox 372 2910 529 2964; x_wconf 71' lang='lat' dir='ltr'>detrahebant,</span> <span class='ocrx_word' id='word_1_314' title='bbox 543 2908 561 2956; x_wconf 92' lang='lat' dir='ltr'>it</span> <span class='ocrx_word' id='word_1_315' title='bbox 573 2923 657 2956; x_wconf 88' lang='lat' dir='ltr'>means</span> <span class='ocrx_word' id='word_1_316' title='bbox 671 2910 764 2968; x_wconf 86' lang='lat' dir='ltr'>‘began</span> <span class='ocrx_word' id='word_1_317' title='bbox 774 2917 799 2954; x_wconf 93' lang='lat' dir='ltr'>to</span> <span class='ocrx_word' id='word_1_318' title='bbox 810 2907 861 2967; x_wconf 91' lang='lat' dir='ltr'>pull</span> <span class='ocrx_word' id='word_1_319' title='bbox 871 2906 962 2956; x_wconf 65' lang='lat' dir='ltr'>down!</span> 
     </span>
    </p>

    <p class='ocr_par' dir='ltr' id='par_1_7' title="bbox 141 2965 855 3017">
     <span class='ocr_line' id='line_1_40' title="bbox 141 2965 855 3017; baseline 0.004 -4"><span class='ocrx_word' id='word_1_320' title='bbox 141 2970 151 2995; x_wconf 78' lang='lat'>²</span> <span class='ocrx_word' id='word_1_321' title='bbox 161 2965 262 3014; x_wconf 83' lang='lat' dir='ltr'>‘Before</span> <span class='ocrx_word' id='word_1_322' title='bbox 275 2966 316 3014; x_wconf 86' lang='lat' dir='ltr'>the</span> <span class='ocrx_word' id='word_1_323' title='bbox 328 2967 416 3014; x_wconf 87' lang='lat' dir='ltr'>wound</span> <span class='ocrx_word' id='word_1_324' title='bbox 428 2983 478 3015; x_wconf 87' lang='lat' dir='ltr'>was</span> <span class='ocrx_word' id='word_1_325' title='bbox 490 2966 617 3015; x_wconf 85' lang='lat' dir='ltr'>cicatrized</span> <span class='ocrx_word' id='word_1_326' title='bbox 628 2982 655 3014; x_wconf 93' lang='lat' dir='ltr'>or</span> <span class='ocrx_word' id='word_1_327' title='bbox 665 2967 769 3014; x_wconf 87' lang='lat' dir='ltr'>alrinned</span> <span class='ocrx_word' id='word_1_328' title='bbox 780 2967 855 3017; x_wconf 87' lang='lat' dir='ltr'>over.’</span> 
     </span>
    </p>

    <p class='ocr_par' dir='ltr' id='par_1_8' title="bbox 113 3022 1024 3154">
     <span class='ocr_line' id='line_1_41' title="bbox 142 3022 1024 3088; baseline -0.001 -16"><span class='ocrx_word' id='word_1_329' title='bbox 142 3024 268 3073; x_wconf 78' lang='lat' dir='ltr'>&#39;Javelins</span> <span class='ocrx_word' id='word_1_330' title='bbox 284 3025 321 3073; x_wconf 87' lang='lat' dir='ltr'>for</span> <span class='ocrx_word' id='word_1_331' title='bbox 336 3026 450 3086; x_wconf 89' lang='lat' dir='ltr'>assailing</span> <span class='ocrx_word' id='word_1_332' title='bbox 465 3025 506 3074; x_wconf 92' lang='lat' dir='ltr'>the</span> <span class='ocrx_word' id='word_1_333' title='bbox 519 3026 596 3074; x_wconf 89' lang='lat' dir='ltr'>walls.</span> <span class='ocrx_word' id='word_1_334' title='bbox 628 3024 683 3074; x_wconf 85' lang='lat' dir='ltr'>The</span> <span class='ocrx_word' id='word_1_335' title='bbox 694 3028 769 3088; x_wconf 71' lang='lat' dir='ltr'>palam</span> <span class='ocrx_word' id='word_1_336' title='bbox 779 3040 830 3074; x_wconf 84' lang='lat' dir='ltr'>was</span> <span class='ocrx_word' id='word_1_337' title='bbox 841 3026 916 3075; x_wconf 89' lang='lat' dir='ltr'>much</span> <span class='ocrx_word' id='word_1_338' title='bbox 926 3022 1024 3072; x_wconf 85' lang='lat' dir='ltr'>thickar</span> 
     </span>
     <span class='ocr_line' id='line_1_42' title="bbox 113 3083 759 3154; baseline 0 -20"><span class='ocrx_word' id='word_1_339' title='bbox 113 3083 160 3134; x_wconf 84' lang='lat' dir='ltr'>aud</span> <span class='ocrx_word' id='word_1_340' title='bbox 171 3095 282 3145; x_wconf 88' lang='lat' dir='ltr'>stronger</span> <span class='ocrx_word' id='word_1_341' title='bbox 292 3085 350 3133; x_wconf 90' lang='lat' dir='ltr'>than</span> <span class='ocrx_word' id='word_1_342' title='bbox 362 3084 403 3133; x_wconf 89' lang='lat' dir='ltr'>the</span> <span class='ocrx_word' id='word_1_343' title='bbox 414 3084 526 3145; x_wconf 85' lang='lat' dir='ltr'>ordinary</span> <span class='ocrx_word' id='word_1_344' title='bbox 533 3085 638 3154; x_wconf 83' lang='lat' dir='ltr'>jevelins</span> <span class='ocrx_word' id='word_1_345' title='bbox 650 3087 759 3147; x_wconf 79' lang='lat' dir='ltr'>(josaia).</span> 
     </span>
    </p>

    <p class='ocr_par' dir='ltr' id='par_1_9' title="bbox 112 3140 1024 3262">
     <span class='ocr_line' id='line_1_43' title="bbox 141 3140 1024 3205; baseline -0.002 -14"><span class='ocrx_word' id='word_1_346' title='bbox 141 3143 216 3192; x_wconf 76' lang='lat' dir='ltr'>⁴The</span> <span class='ocrx_word' id='word_1_347' title='bbox 245 3143 393 3198; x_wconf 87' lang='lat' dir='ltr'>themselves</span> <span class='ocrx_word' id='word_1_348' title='bbox 409 3143 487 3193; x_wconf 81' lang='lat' dir='ltr'>tested</span> <span class='ocrx_word' id='word_1_349' title='bbox 498 3160 513 3193; x_wconf 93' lang='lat' dir='ltr'>a</span> <span class='ocrx_word' id='word_1_350' title='bbox 523 3144 585 3192; x_wconf 83' lang='lat' dir='ltr'>little</span> <span class='ocrx_word' id='word_1_351' title='bbox 601 3142 629 3192; x_wconf 82' lang='lat' dir='ltr'>of</span> <span class='ocrx_word' id='word_1_352' title='bbox 640 3144 682 3194; x_wconf 85' lang='lat' dir='ltr'>the</span> <span class='ocrx_word' id='word_1_353' title='bbox 694 3145 765 3202; x_wconf 82' lang='lat' dir='ltr'>wine,</span> <span class='ocrx_word' id='word_1_354' title='bbox 776 3144 824 3195; x_wconf 87' lang='lat' dir='ltr'>and</span> <span class='ocrx_word' id='word_1_355' title='bbox 839 3140 967 3205; x_wconf 86' lang='lat' dir='ltr'>presented</span> <span class='ocrx_word' id='word_1_356' title='bbox 981 3140 1024 3190; x_wconf 78' lang='lat' dir='ltr'>tlte</span> 
     </span>
     <span class='ocr_line' id='line_1_44' title="bbox 112 3159 401 3262; baseline -0.007 -9"><span class='ocrx_word' id='word_1_357' title='bbox 112 3211 162 3253; x_wconf 84' lang='lat' dir='ltr'>rest</span> <span class='ocrx_word' id='word_1_358' title='bbox 174 3211 198 3250; x_wconf 95' lang='lat' dir='ltr'>to</span> <span class='ocrx_word' id='word_1_359' title='bbox 209 3159 251 3252; x_wconf 72' lang='lat' dir='ltr'>tle</span> <span class='ocrx_word' id='word_1_360' title='bbox 262 3217 401 3262; x_wconf 85' lang='lat' dir='ltr'>conqueror.</span> 
     </span>
    </p>

    <p class='ocr_par' dir='ltr' id='par_1_10' title="bbox 113 3262 1056 3432">
     <span class='ocr_line' id='line_1_45' title="bbox 143 3262 1022 3324; baseline -0.001 -14"><span class='ocrx_word' id='word_1_361' title='bbox 143 3268 152 3294; x_wconf 75' lang='lat'>⁸</span> <span class='ocrx_word' id='word_1_362' title='bbox 161 3262 262 3323; x_wconf 80' lang='lat' dir='ltr'>Aliquid</span> <span class='ocrx_word' id='word_1_363' title='bbox 273 3265 388 3318; x_wconf 82' lang='lat' dir='ltr'>(multum,</span> <span class='ocrx_word' id='word_1_364' title='bbox 395 3265 461 3324; x_wconf 77' lang='lat' dir='ltr'>plus)</span> <span class='ocrx_word' id='word_1_365' title='bbox 470 3264 606 3312; x_wconf 78' lang='lat' dir='ltr'>daraclicor&#39;</span> <span class='ocrx_word' id='word_1_366' title='bbox 613 3264 716 3319; x_wconf 65' lang='lat' dir='ltr'>(lamias)</span> <span class='ocrx_word' id='word_1_367' title='bbox 724 3263 831 3311; x_wconf 81' lang='lat' dir='ltr'>oralicui</span> <span class='ocrx_word' id='word_1_368' title='bbox 838 3262 880 3316; x_wconf 81' lang='lat' dir='ltr'>rei.</span> <span class='ocrx_word' id='word_1_369' title='bbox 894 3264 935 3306; x_wconf 83' lang='lat' dir='ltr'>‘to</span> <span class='ocrx_word' id='word_1_370' title='bbox 1003 3267 1022 3316; x_wconf 87' lang='lat' dir='ltr'>t,</span> 
     </span>
     <span class='ocr_line' id='line_1_46' title="bbox 113 3317 1056 3432; baseline -0.017 -4"><span class='ocrx_word' id='word_1_371' title='bbox 113 3336 159 3410; x_wconf 68' lang='lat'>⁰⁰1¹</span> <span class='ocrx_word' id='word_1_372' title='bbox 160 3321 226 3429; x_wconf 70' lang='lat' dir='ltr'>“tlt</span> <span class='ocrx_word' id='word_1_373' title='bbox 236 3321 255 3428; x_wconf 74' lang='lat' dir='ltr'>l</span> <span class='ocrx_word' id='word_1_374' title='bbox 256 3337 270 3370; x_wconf 89' lang='lat'>⁰</span> <span class='ocrx_word' id='word_1_375' title='bbox 281 3321 376 3428; x_wconf 61' lang='lat' dir='ltr'>{itti</span> <span class='ocrx_word' id='word_1_376' title='bbox 378 3320 427 3429; x_wconf 64' lang='lat' dir='ltr'>l‘l’</span> <span class='ocrx_word' id='word_1_377' title='bbox 440 3321 765 3432; x_wconf 68' lang='lat' dir='ltr'>btttltt‘tttfttlt</span> <span class='ocrx_word' id='word_1_378' title='bbox 773 3317 1056 3426; x_wconf 51' lang='lat' dir='ltr'>“sternebas</span> 
     </span>
    </p>

    <p class='ocr_par' dir='ltr' id='par_1_11' title="bbox 421 3397 778 3432">
     <span class='ocr_line' id='line_1_47' title="bbox 421 3397 778 3432; baseline 0 -3"><span class='ocrx_word' id='word_1_379' title='bbox 421 3397 436 3429; x_wconf 92' lang='lat' dir='ltr'>a</span> <span class='ocrx_word' id='word_1_380' title='bbox 471 3397 483 3430; x_wconf 91' lang='lat' dir='ltr'>r</span> <span class='ocrx_word' id='word_1_381' title='bbox 597 3398 610 3432; x_wconf 84' lang='lat' dir='ltr'>a</span> <span class='ocrx_word' id='word_1_382' title='bbox 669 3397 690 3431; x_wconf 89' lang='lat' dir='ltr'>n</span> <span class='ocrx_word' id='word_1_383' title='bbox 762 3397 778 3429; x_wconf 84' lang='lat' dir='ltr'>e</span> 
     </span>
    </p>

    <p class='ocr_par' dir='ltr' id='par_1_12' title="bbox 110 3395 878 3502">
     <span class='ocr_line' id='line_1_48' title="bbox 110 3395 878 3502; baseline 0.001 -14"><span class='ocrx_word' id='word_1_384' title='bbox 110 3437 171 3488; x_wconf 75' lang='lat' dir='ltr'>metr</span> <span class='ocrx_word' id='word_1_385' title='bbox 181 3447 207 3487; x_wconf 86' lang='lat' dir='ltr'>to</span> <span class='ocrx_word' id='word_1_386' title='bbox 217 3395 296 3489; x_wconf 70' lang='lat' dir='ltr'>vull&#39;tr</span> <span class='ocrx_word' id='word_1_387' title='bbox 306 3454 339 3489; x_wconf 88' lang='lat' dir='ltr'>uo</span> <span class='ocrx_word' id='word_1_388' title='bbox 350 3438 404 3491; x_wconf 87' lang='lat' dir='ltr'>bird</span> <span class='ocrx_word' id='word_1_389' title='bbox 414 3441 478 3494; x_wconf 86' lang='lat' dir='ltr'>rises</span> <span class='ocrx_word' id='word_1_390' title='bbox 489 3450 533 3502; x_wconf 78' lang='lat' dir='ltr'>tou</span> <span class='ocrx_word' id='word_1_391' title='bbox 541 3451 652 3495; x_wconf 70' lang='lat' dir='ltr'>account</span> <span class='ocrx_word' id='word_1_392' title='bbox 660 3440 689 3491; x_wconf 74' lang='lat' dir='ltr'>oi</span> <span class='ocrx_word' id='word_1_393' title='bbox 701 3432 878 3497; x_wconf 58' lang='lat' dir='ltr'>thensium-⁸</span> 
     </span>
    </p>
   </div>
   <div class='ocr_carea' id='block_1_6' title="bbox 0 0 1144 3772">
    <p class='ocr_par' dir='ltr' id='par_1_13' title="bbox 0 0 1144 3772">
     <span class='ocr_line' id='line_1_49' title="bbox 0 0 1144 3772; baseline 0 0"><span class='ocrx_word' id='word_1_394' title='bbox 0 0 1144 3772; x_wconf 95' lang='lat' dir='ltr'> </span> 
     </span>
    </p>
   </div>
  </div>
 </body>
</html>
