2274 3772
120 26 160 84 80
388 41 427 80 ua
452 40 558 81 essars
580 40 764 81 stannum.

120 150 215 204 solatia
233 167 286 204 non
304 148 509 219 adhiberesed
529 166 665 218 quaerere.
708 149 774 203 Cibo
796 157 868 202 certe
891 150 1030 222 abstinuit,

120 236 281 288 omnemque
299 219 424 271 honorem
443 219 535 287 funeri,
551 220 634 287 patrio
651 220 790 272 Persarum
809 236 890 288 more,
904 223 1029 291 servavit,

120 289 217 356 dignus
228 288 344 356 hercule,
356 288 400 357 qui
418 305 487 340 nunc
499 305 603 356 quoque
616 289 728 341 tantum¹
740 298 766 340 et
778 290 992 343 mansuetudinis
1003 304 1031 344 et

120 359 296 410 continentiae
308 356 376 409 ferat
387 356 511 410 fructum.
548 357 636 410 Semel
651 359 767 411 omnine
778 375 840 410 eam
853 359 964 427 viderat,
978 377 1031 430 quo

120 426 163 479 die
182 436 260 496 capta
278 436 326 496 est,
345 443 395 479 uec
412 436 441 478 ut
460 428 552 495 ipsam,
572 428 619 479 sed
640 437 666 480 ut
686 428 764 478 Darei
785 436 897 480 matrem
917 429 1029 498 videret,

119 496 299 564 eximiamque
311 495 533 565 pulchritudinem
547 495 646 548 formae
659 495 718 565 ejus
729 514 779 548 non
792 496 910 550 libidinis
927 497 1030 552 hebue-

120 565 389 634 rat³inritamentum,
403 565 569 632 sedgloriae.
781 586 783 590 ·
846 608 849 613 .

154 639 195 687 42.
216 635 418 703 Espadonibus,
434 636 478 702 qui
497 634 568 686 cirea
583 635 699 701 reginam
718 644 799 704 erant,
817 636 947 705 Tyriotes,
961 636 1030 690 inter

121 703 334 773 trepidationem⁴
356 704 503 771 lugentium
527 703 633 772 elapsus
657 721 702 772 per
727 721 786 756 eam
812 715 922 774 portam,
948 723 1028 777 quae,

119 775 181 841 quia
191 773 226 825 ab
239 773 313 826 hoste
324 790 419 825 aversa
431 783 494 842 erat,
508 772 593 825 levius
605 773 808 840 custodiebatur,
822 775 854 826 ad
874 775 955 828 Darei
971 793 1029 829 cas·

120 853 159 894 tra
176 843 303 910 pervenit,
317 852 497 911 exceptusque
514 842 672 910 avigilibus,
691 843 716 894 in
736 844 936 896 tabernaculum
960 846 1030 914 regis

119 912 276 981 perducitur,
295 929 407 979 gemeus
426 922 452 963 et
473 922 546 963 veste
570 914 693 964 lacerata.
737 913 823 970 Quem
841 924 869 967 ut
888 918 1029 983 conspexit

120 982 227 1051 Dareus,
249 982 388 1050 multiplici
412 981 507 1033 doloris
531 982 713 1049 expectatione
737 979 891 1051 commotus,
913 995 939 1035 et
962 985 1028 1053 quid

118 1051 285 1129 potissimum
297 1052 408 1119 timeret,
422 1051 545 1118 incertus,
559 1050 660 1115 Vultus,
674 1052 765 1119 inquit,
781 1062 840 1116 tuus
853 1054 1028 1122 nescioquod

119 1137 212 1188 mgeus
235 1121 334 1173 malurn
358 1120 482 1190 praefert,
506 1122 553 1171 sed
577 1137 643 1171 cave
668 1121 755 1173 miseri
780 1121 894 1174 hominis
917 1125 1031 1189 auribus

118 1206 225 1259 parcas:
245 1190 323 1243 didici
347 1207 406 1242 esse
430 1189 539 1258 infelix,⁶
562 1201 588 1241 et
612 1207 692 1257 saepe
716 1190 876 1243 calamitatis
899 1192 1028 1246 solatium

118 1269 158 1310 est
182 1275 258 1312 nosse
282 1268 378 1311 sortem
403 1276 487 1310 suam.
532 1260 611 1320 Num,
633 1259 701 1326 quud
724 1262 840 1312 maxime
860 1263 981 1330 suspicor
1001 1272 1029 1316 et

118 1327 188 1396 loqui
208 1329 296 1396 timeo,
318 1328 432 1380 ludibria
452 1327 582 1379 meorum⁸
602 1330 767 1380 nuntiaturus
790 1346 827 1396 es,
849 1331 916 1382 milri
940 1341 976 1398 et,
1001 1343 1029 1387 ut

117 1397 202 1464 credo,
228 1397 291 1466 ipsis
320 1412 424 1465 quoque
454 1397 525 1448 omui
555 1398 665 1449 tristiore
694 1397 841 1466 suppliciol
884 1399 928 1452 Ad
944 1445 945 1448 ,
960 1401 1031 1456 haec

117 1467 245 1534 Tyriotes,
258 1466 332 1519 lstud
349 1465 467 1534 quidem⁷
479 1465 569 1533 procul
586 1467 669 1534 abest,
679 1467 784 1535 inquit:
803 1479 1029 1540 quantuscunque

116 1537 187 1588 enim
209 1535 305 1603 teguriis
325 1535 407 1587 honos
430 1535 464 1587 ab
488 1535 530 1588 lris
553 1538 596 1604 qui
620 1537 721 1604 pareut⁸
741 1537 831 1590 haberi
855 1548 949 1607 potest,
974 1542 1031 1594 tuis

115 1621 132 1658 a
153 1605 250 1657 victore
270 1614 390 1657 serratus
409 1613 458 1673 est,
480 1606 526 1656 sed
539 1621 610 1659 ,uxor
630 1615 683 1659 tua.
694 1606 772 1674 paulo
791 1615 853 1659 ante
872 1610 994 1662 excessit
1013 1627 1031 1663 e

117 1675 178 1727 vita.
222 1675 291 1726 Tum
314 1688 376 1727 vero
399 1691 451 1726 non
473 1677 590 1742 gemitus
619 1674 704 1741 modo,
728 1675 775 1743 sed
799 1677 880 1728 etiam
909 1676 1031 1746 ejulatus

115 1747 175 1796 totis
192 1744 285 1796 castris
302 1743 526 1797 exaudiebantur:
552 1761 602 1796 nec
619 1744 750 1797 dubitauit
774 1746 881 1814 Dareus,
901 1747 968 1815 quin
989 1749 1032 1803 in·

114 1813 224 1866 terfecta
241 1823 319 1884 esset,
339 1815 403 1882 quia
422 1814 554 1881 nequisset
574 1814 759 1867 contumeliam
782 1817 891 1883 perpeti.
928 1817 1029 1871 Excla-

114 1893 222 1951 matque
245 1900 339 1936 amens
362 1883 464 1934 dolore:
492 1883 568 1940 Quod
593 1899 642 1949 ego
667 1893 767 1936 tantum
792 1885 868 1936 nel'as
890 1888 1028 1959 commisi,

114 1950 283 2004 Alexanderl
313 1969 394 2021 quem
418 1961 521 2004 tuorum
546 1953 749 2022 propinquorum
774 1954 875 2022 necari,
901 1967 930 2006 ut
954 1955 1029 2011 hauc

114 2021 200 2073 vicem
220 2020 372 2074 restitueres
390 2021 517 2073 saevitiae
536 2023 633 2074 meael
668 2022 752 2076 Odisti
772 2039 823 2091 me,
843 2040 893 2075 non
911 2025 1028 2093 quidem

132 2097 284 2142 rovocatus:
315 2090 363 2141 sed
389 2090 467 2157 finge,
493 2090 593 2158 justum
621 2091 740 2143 intulisse
766 2101 792 2146 te
822 2092 932 2163 bellum,
960 2112 1028 2151 cum

113 2106 220 2212 lleruinis
237 2175 299 2226 ergo
317 2175 396 2226 agere
414 2159 562 2211 debueras?
604 2160 726 2229 Tyriotes
743 2161 874 2214 affirmare
893 2180 941 2232 per
958 2163 1029 2221 deos

112 2229 216 2299 patrios,
236 2228 300 2281 nihil
324 2229 350 2281 in
375 2246 434 2280 eam
458 2229 564 2296 gravius
588 2246 647 2281 esse
665 2231 831 2284 consultum:
856 2233 1027 2300 ingemuisse

112 2299 193 2351 etiam
219 2298 401 2351 Alexandrum
427 2299 512 2366 morti,
537 2308 563 2351 et
594 2316 643 2350 non
669 2296 773 2368 parcius
798 2300 912 2368 flevisse,
940 2320 1026 2372 quam

140 2408 147 2430 ¹
161 2401 209 2449 ‘Sc
220 2412 309 2462 greata
320 2401 560 2470 rewardf-numely‚
573 2418 600 2450 as
613 2401 676 2450 same
688 2403 731 2450 hes
743 2403 868 2451 bestowed
878 2419 910 2452 on
920 2404 982 2463 him,
997 2422 1026 2457 or

111 2461 455 2589 ³⁵2ttltlt⁰ti⁶ttll¹tt
468 2520 603 2580 onyae.
699 2580 744 2590 ..

139 2579 213 2626 '‘He
229 2579 275 2627 had
291 2579 430 2627 constdered
447 2580 490 2626 her
506 2582 595 2639 beauty
610 2596 636 2627 es
652 2595 683 2627 an
698 2591 848 2638 rucrtement‚
861 2591 903 2629 not
918 2591 945 2630 to
960 2582 1023 2642 lust,

111 2639 153 2684 but
164 2647 190 2684 to
200 2638 268 2698 glory
277 2640 293 2695 ;’
305 2639 341 2686 sor
352 2638 393 2686 the
399 2638 515 2697 personal
526 2640 667 2687 attractious
677 2639 705 2687 os
712 2640 753 2687 the
765 2656 844 2700 queen
854 2640 972 2691 rendered
983 2643 1026 2694 his

99 2698 251 2744 'continence
262 2697 346 2757 highly
357 2697 504 2744 honourable
516 2708 540 2744 to
551 2698 608 2746 him.
666 2758 667 2761 Ἴ

139 2761 148 2783 ⁴
160 2761 166 2781 ⁶
176 2755 325 2803 Conl'usion)

139 2821 148 2847 ⁸
160 2814 186 2861 ‘I
198 2815 258 2862 have
270 2815 365 2862 learned
378 2825 402 2862 to
413 2815 442 2862 be
454 2815 605 2864 unfortunate
614 2817 629 2874 ;’
642 2817 693 2864 that
704 2818 734 2873 is,
746 2817 757 2865 I
767 2834 806 2865 em
817 2819 975 2869 accustomed
984 2830 1023 2879 to,

110 2873 157 2945 end
167 2889 210 2945 can
222 2877 287 2930 beer,
300 2875 448 2921 misfortune.
477 2875 539 2922 This
550 2876 571 2923 is
582 2891 641 2943 very
652 2876 762 2925 different
771 2877 832 2925 srom
842 2880 915 2926 didici
924 2895 962 2928 tue
971 2897 1026 2930 em

111 2934 231 3040 mle‘h'lellne'
241 2932 542 3061 dipeeagaorptsffiesul
551 3002 692 3062 treatment,
706 2995 734 3043 ol
745 3011 787 3065 my
797 2994 928 3044 relations!

139 3052 240 3100 '‘That
256 3067 278 3098 w
297 3051 335 3098 roh
367 3067 398 3098 ou
414 3052 474 3111 say.¹
508 3052 570 3100 Thrs
586 3069 607 3100 rs
622 3054 664 3101 tlte
680 3070 793 3116 meamng
808 3055 836 3103 of
852 3055 894 3103 the
910 3071 1025 3115 pronoen

111 3115 161 3160 iste.
193 3112 240 3160 See
253 3111 332 3159 Grcm.
345 3067 418 3161 yffi.
453 3111 553 3171 Quidem
562 3112 620 3173 only
631 3113 690 3162 adds
704 3115 827 3174 emphasis
843 3124 869 3163 to
884 3114 926 3163 the
942 3118 1022 3176 itud,

109 3170 156 3218 end
170 3187 271 3230 opposes
283 3170 323 3217 the
334 3169 386 3218 first
397 3170 478 3218 clause
490 3171 518 3219 ol
529 3171 570 3218 the
586 3182 700 3222 sentence
717 3183 742 3221 to
758 3174 799 3223 the
815 3173 892 3232 other,
905 3173 1025 3229 witichis

109 3230 247 3278 introduced
259 3232 291 3290 by
301 3233 348 3278 sed.

136 3293 145 3320 ⁸
159 3289 211 3349 ‘By
220 3291 335 3350 subJects.
376 3288 424 3337 See
436 3288 535 3350 Zumpt,
547 3290 562 3342 l
573 3293 626 3347 714,
638 3293 660 3340 3.
