2274 3772
460 220 552 263 arasa
570 223 602 264 x.
934 209 990 264 ³21

82 347 112 384 aa
128 331 238 401 jussisse
256 331 404 402 respondit:
430 340 549 386 cetemm
569 348 621 385 non
641 331 740 386 debere
759 331 915 386 tumultuari
935 349 990 405 eos,

83 401 238 455 Perdiccam
250 403 322 454 enim
334 402 432 455 vivere.

118 475 159 522 26.
178 472 259 539 Igitur
282 472 403 524 contione
426 471 539 523 dimissa
561 470 708 541 Meleager,
729 470 850 541 equitum
873 472 991 526 maxime

81 537 232 593 desectione
256 541 415 611 perterritus,
440 541 567 609 inopsque
590 540 693 594 consilii
716 541 825 612 (quippe
851 541 878 594 in
902 542 991 611 ipsum

81 609 231 677 periculum
254 607 391 679 reciderat,
416 609 486 679 quod
510 609 617 662 inimico
641 609 719 679 paulo
739 618 800 663 ante
820 611 989 682 intenderat),

81 678 198 732 triduum
217 678 273 730 lere
291 679 453 749 consumpsit
470 679 572 731 incerta
583 680 692 733 consilia
703 679 842 733 volvendo.
879 681 912 733 Et
925 681 990 750 pris·

82 747 136 799 tina
148 747 257 817 quidem
270 748 357 815 regiae
370 749 474 818 species
484 748 627 801 manebat:
647 767 710 803 narn
728 757 756 803 et
773 749 854 818 legati
868 750 991 818 gentium

81 833 172 884 regem
192 817 308 885 adibant,
329 826 355 869 et
379 818 514 887 copiarum
538 817 622 871 duces
641 819 758 889 aderant,
780 827 807 872 et
826 820 991 874 vestibulum

81 887 209 939 satellites
232 886 381 955 armatique
404 886 611 956 compleverant.
648 888 700 942 Sed
718 888 812 958 ingens
830 906 879 942 sua
897 897 991 958 sponte

81 957 214 1008 maestitia
234 956 342 1008 ultimae
363 956 557 1026 desperationis
576 955 657 1010 index
676 967 739 1027 erat,
760 961 930 1028 suspectique
951 959 990 1011 in-

81 1025 171 1077 vicem
192 1042 244 1078 non
267 1025 341 1077 adire
365 1027 478 1096 propius,
499 1042 552 1078 non
575 1027 688 1097 colloqui
708 1027 851 1098 audebant,
873 1035 990 1081 secretas

81 1095 253 1161 cogitationes
276 1095 345 1148 intra
364 1112 393 1148 se
414 1112 518 1166 quoque
539 1095 670 1166 volvente,
691 1106 717 1150 et
738 1114 771 1150 ex
792 1115 851 1150 corn
889 1098 989 1150 ratione

81 1163 150 1231 regis
173 1164 233 1217 novi
257 1164 421 1218 desiderium
444 1165 609 1218 excitabatur
631 1167 732 1220 amissi.
767 1167 820 1220 Ubi
843 1167 887 1220 ile
908 1175 988 1238 esset,

80 1231 158 1302 cujus
176 1234 325 1303 imperium,
342 1234 419 1304 cujus
436 1233 596 1304 auspicium¹
614 1237 699 1289 secuti
716 1244 798 1305 erant,
811 1236 988 1304 requirebant.

80 1301 226 1356 Destitutos
244 1320 273 1355 se
291 1305 359 1355 inter
376 1303 486 1357 infestas
504 1303 699 1375 indomitasque
710 1315 812 1375 gentes,
826 1305 989 1374 expetituras

80 1379 118 1424 tot
137 1388 243 1426 suarum
262 1372 376 1426 cladium
397 1390 503 1442 poenas,
522 1374 734 1444 quandocunque
751 1374 839 1427 oblata
857 1374 928 1426 esset
945 1391 988 1428 oo·

80 1441 160 1493 casio.
197 1443 244 1495 His
262 1442 464 1512 cogitationibus
483 1443 586 1496 animos
609 1444 779 1514 exedebant,²
803 1461 865 1498 cum
888 1461 988 1498 annun·

80 1510 166 1580 tiator,
180 1513 292 1581 equites,
305 1513 350 1582 qui
363 1512 413 1565 sub
425 1512 552 1566 Perdicca
563 1523 660 1583 essent,
673 1531 738 1567 occu
775 1514 809 1567 tis
821 1515 891 1567 circa
902 1513 989 1584 Baby·

79 1579 140 1632 lona
152 1583 260 1652 campis,
270 1582 442 1651 frumentum,
453 1583 522 1651 quod
536 1583 561 1635 in
570 1583 666 1638 urbem
674 1584 743 1637 vehe
762 1594 828 1654 atur,
838 1584 988 1638 retinuisse.

79 1649 171 1718 Itaque
190 1653 276 1721 inopia
293 1653 416 1721 primum,
433 1652 530 1705 deindo
548 1653 636 1706 fames
653 1670 713 1706 esse
731 1654 833 1724 coepit,
852 1663 879 1706 et
897 1654 943 1723 qui
961 1654 988 1707 in

79 1719 144 1772 urbe
162 1731 236 1774 erant
253 1730 299 1774 aut
317 1720 539 1774 reconciliandam
559 1739 622 1776 oum
641 1723 769 1776 Perdicca
787 1724 920 1792 gratiam,⁸
939 1731 987 1777 aut

78 1790 161 1840 armis
172 1790 328 1843 certandum
341 1807 400 1842 essa
413 1791 565 1844 censebant.
602 1792 680 1844 Forte
698 1793 736 1844 ita
747 1791 889 1861 acciderat,
902 1793 988 1861 utqui

79 1857 106 1909 in
120 1859 191 1924 agris
206 1868 288 1927 erant,
301 1859 498 1927 populationem
511 1860 634 1913 villarum
647 1861 818 1929 vicorumque
830 1861 913 1930 veriti,
926 1878 988 1914 con-

79 1924 201 1993 fugerent
220 1929 246 1980 in
265 1926 367 1995 urbem,
380 1927 512 1997 oppidani,
525 1945 587 1981 curn
603 1929 684 1998 ipsos⁴
694 1929 822 1982 alimenta
833 1924 986 1998 deficerent,

78 1995 145 2048 urbe
158 1996 327 2066 excederent,
340 2005 367 2048 et
384 1997 486 2065 utrique
503 1997 595 2065 generi
614 1999 692 2051 tutior
706 1999 795 2052 aliena
806 1998 893 2069 sedes,
906 2016 988 2068 quam

79 2080 135 2132 sua,
149 2064 290 2118 videretur.
598 2065 602 2077 '

114 2139 156 2187 27.
176 2135 294 2193 Quorum
312 2136 551 2191 consternationem
569 2135 831 2208 Macedonesveriti,
845 2137 872 2191 in
885 2136 987 2206 regiam

78 2209 182 2274 coeunt,
191 2222 313 2274 quaeque
326 2204 443 2274 ipsorum
456 2205 588 2259 sententia
600 2214 678 2271 esset,
689 2216 831 2276 exponunt.
861 2207 988 2261 Placebat

77 2283 167 2328 autern
181 2274 282 2343 legatos
292 2274 326 2327 ad
339 2276 442 2344 equites
454 2276 522 2328 mitti
535 2275 569 2328 de
582 2276 697 2329 finienda
708 2277 841 2330 discordia
853 2277 987 2346 armisque
1082 2280 1084 2285 '

77 2345 216 2466 ppnendis.
251 2345 334 2413 Igitur
345 2361 362 2395 a
373 2361 436 2413 rege
447 2345 550 2413 legatur
565 2345 647 2398 Pasas
659 2345 812 2416 Thessalus,
825 2355 852 2398 et
864 2347 988 2400 Amissus

111 2413 325 2483 egalopolitanus,
339 2422 365 2466 et
378 2414 510 2466 Perilaus:
530 2415 575 2484 qui
594 2432 656 2467 cum
669 2415 795 2479 mandata
807 2416 876 2483 regis
888 2414 986 2467 edidis

78 2492 145 2553 sent,
158 2501 209 2537 non
220 2484 297 2536 aliter
309 2484 438 2553 posituros
449 2501 524 2536 arma
536 2484 648 2553 equites,
657 2499 739 2553 quam
749 2484 771 2536 si
783 2500 829 2536 rex
838 2483 987 2537 discordiae

77 2565 198 2606 auctores
217 2553 372 2622 dedidisset,
393 2552 476 2605 tulere
496 2569 660 2622 responsum.
696 2554 743 2605 His
763 2553 917 2606 renuntiatis
938 2570 988 2606 sua

78 2631 172 2691 sponte
185 2640 259 2675 arma
271 2623 371 2676 milites
382 2622 510 2690 capiunt.⁵
545 2622 661 2680 Quorum
679 2621 795 2676 tumultu
808 2639 824 2674 e
836 2622 910 2691 regia
928 2622 987 2675 Phi·

77 2691 164 2761 lippus
175 2693 286 2762 excitus,
299 2691 379 2757 Nihil,
394 2692 487 2762 inquit,
500 2692 629 2745 seditione
642 2701 683 2744 est
694 2708 770 2814 oppa.
793 2693 864 2772 Nam
877 2693 945 2745 inter
957 2709 987 2745 se

77 2763 235 2815 certantium
252 2762 371 2832 praemia
388 2761 434 2831 qui
452 2761 598 2831 quieverint
616 2773 717 2830 occupa
737 2768 792 2814 unt.
828 2761 912 2815 Simul
929 2779 985 2815 me-

106 2911 115 2933 ²
127 2910 133 2931 ‘
143 2905 278 2953 Commsnd
287 2905 333 2953 and
342 2905 477 2966 guidanoe!
495 2905 635 2966 According
646 2915 671 2953 to
683 2904 778 2953 Roman
789 2905 894 2963 notions,
904 2907 985 2967 carpi·

75 2967 137 3015 dum
147 2964 168 3012 is
179 2965 221 3012 the
232 2965 294 3025 right
307 2975 333 3012 to
343 2964 439 3013 consult
451 2964 492 3012 the
503 2965 563 3033 gods
577 2967 609 3033 by
620 2979 758 3025 augury-rt
768 2964 832 3025 right
843 2964 924 3013 which
936 2978 987 3012 was

76 3021 201 3072 conserted
212 3039 276 3083 upon
287 3024 328 3072 the
340 3023 614 3074 commender-inchrei
626 3025 658 3084 by
670 3023 711 3072 the
722 3033 794 3072 state.

104 3097 114 3123 ²
126 3093 196 3140 ‘The
224 3093 357 3142 consumed
372 3092 436 3142 their
450 3093 542 3150 souls;'
555 3091 632 3141 a‘fine
647 3092 789 3152 expression
803 3092 840 3143 lor
853 3092 926 3152 ‘they
936 3101 984 3141 tor·

75 3152 174 3201 mented
185 3109 352 3200 themselves!

104 3224 284 3273 'Reconciliorc
315 3226 408 3282 retiam,
424 3229 465 3272 ‘to
480 3233 571 3273 restore
587 3223 691 3285 friendly
704 3223 836 3275 relations!
870 3221 918 3271 We
934 3221 987 3272 also

75 3283 125 3333 find
136 3286 284 3334 reconciliare
344 3286 404 3340 ines,
419 3288 460 3332 ‘to
469 3283 589 3334 reconcile
600 3284 672 3333 men!

104 3342 137 3390 *Ι
164 3361 198 3400 os,
211 3343 426 3392 thesameaseos.
760 3398 766 3409 ,
915 3395 922 3406 ⁸

104 3409 113 3434 ⁸
151 3403 239 3464 amely,
251 3402 277 3452 io
288 3402 359 3453 order
368 3411 395 3454 to
404 3401 490 3454 march
501 3410 546 3455 out
554 3393 1007 3455 muscakaismuumm

171 3465 205 3516 21
