2274 3772
403 237 404 240 ,
478 212 568 252 arasa
588 210 628 251 rr.
950 197 1001 251 141

99 323 178 394 fossa,
190 323 303 394 plurimo
315 321 444 389 sanguine
457 321 549 389 effuso,
563 320 705 373 destituere
718 323 899 391 pugnantem.l
936 320 1004 390 Ergo

99 393 194 462 clypeo
213 408 260 445 suo
278 391 431 460 exceptum²
442 391 564 458 armigeri
584 391 678 458 raptim
697 390 722 442 in
742 401 827 443 castra
845 390 1002 461 referebant,

103 463 272 532 jactationem
291 461 429 513 vulnerum
451 458 522 511 haud
541 459 618 511 facite
638 459 801 512 tolerantem.
837 462 896 513 Non
916 469 1004 513 tamen

99 527 215 584 omisere
237 529 439 583 Lacedaemonii
463 546 586 596 pugnam,
609 538 635 581 et
660 538 687 580 ut
711 530 824 598 primum
850 529 899 582 sibi
924 548 1004 598 quarn

101 601 169 654 hosti
186 601 339 669 aequiorem
358 599 445 650 locum
463 614 558 666 capere
576 608 722 666 potuerunt,
735 599 853 650 densatis
870 599 1005 652 ordinibus

102 670 186 723 effuse
200 671 327 722 fluentem
341 669 367 719 in
380 685 408 719 se
421 668 506 720 aciem
521 684 659 734 excepere.
694 669 753 720 Non
772 668 844 720 aliud
863 668 1004 722 discrimen

101 739 287 792 vehementius
300 737 381 789 luisse
400 737 543 788 memoriae
563 737 693 804 proditum
711 746 760 788 est.
798 739 912 789 Duarum
931 739 1002 790 nobi·

101 808 262 861 lissimarum
281 807 350 859 bello
368 807 488 874 gentium
507 806 639 857 exercitus
660 806 715 875 pari
736 807 823 858 Marte
843 807 1003 876 pugnabant.

101 877 304 930 Lacedaemonii
326 885 423 943 vetera,
445 875 610 927 Macedones
632 876 782 944 praesentia
804 875 899 928 decora
921 877 1004 928 intue-

100 947 211 1000 bantur:
241 946 277 998 illi
301 962 346 1014 pro
369 945 498 1010 libertate,
520 944 547 996 hi
571 960 616 1013 pro
636 944 814 996 dominatione
839 945 1003 1014 pugnabant:

101 1016 319 1068 Lacedaemoniis
328 1014 388 1081 dux,
398 1013 591 1066 Macedonibus
604 1013 676 1066 locus
688 1014 799 1066 deerat.³
832 1014 893 1066 Diei
900 1030 1005 1083 quoque

101 1086 180 1138 unius
198 1097 252 1137 tarn
270 1082 409 1151 multiplex
426 1100 504 1134 casus
522 1083 599 1134 modo
612 1100 695 1153 spem,
709 1083 786 1136 modo
799 1092 899 1135 metum
913 1084 1005 1135 utrius-

100 1170 154 1223 que
172 1155 253 1223 partis
270 1153 393 1220 augebat,
406 1151 479 1203 velut
497 1153 530 1203 de
551 1152 675 1204 industria
695 1152 761 1204 inter
773 1152 927 1204 fortissimos
939 1154 1006 1204 viros

100 1233 235 1275 certamen
255 1233 386 1291 aequante
399 1221 510 1273 fortuna.
548 1223 670 1274 Ceterum
689 1217 826 1288 angustiae
845 1220 902 1288 loci,
916 1224 1006 1290 in'quo

101 1291 224 1344 haeserat
242 1309 336 1362 pugna,
351 1308 400 1342 non
414 1291 580 1360 patiebantur
593 1291 654 1342 totis
665 1289 765 1358 ingredi
778 1290 891 1344 viribus:
911 1307 1004 1360 expec-

102 1363 192 1414 tabant
211 1379 272 1429 ergo
294 1360 381 1430 plures
398 1377 480 1429 quam
499 1360 609 1412 inierant
629 1359 765 1428 proelium,
779 1369 806 1413 et
818 1359 863 1429 qui
875 1368 947 1412 extra
960 1360 1005 1412 teli

104 1430 205 1500 jectum
219 1439 291 1483 erant
304 1429 419 1482 clamore
432 1430 547 1481 invicem
561 1447 621 1482 suos
633 1429 823 1483 accendebant.

137 1505 160 1552 2.
179 1500 299 1552 Tandem
319 1501 451 1552 Laconum
471 1499 543 1550 acies
560 1499 750 1569 languescere,⁴
761 1499 862 1552 lubrica
879 1514 952 1550 arma
965 1515 1006 1549 su·

101 1570 164 1622 dore
181 1570 227 1623 vix
244 1569 383 1637 sustinens,
397 1568 496 1636 pedem
513 1567 609 1620 deinde
631 1569 727 1621 referre
746 1569 832 1637 coepit
852 1576 878 1619 et
897 1577 1006 1634 urgente

102 1638 177 1691 hoste
205 1639 321 1708 apertius
347 1637 447 1705 lugere.
491 1637 681 1706 insequebatur
703 1639 843 1708 ‹lissipatos
865 1636 954 1702 victor,
979 1646 1006 1687 et

102 1725 227 1761 emensus
250 1725 327 1760 cursu
350 1724 429 1758 omne
453 1709 574 1775 spatium,
595 1707 664 1776 quod
687 1710 759 1759 acies
782 1705 917 1760 Laconum
940 1705 1006 1757 obti-

102 1787 201 1845 nuerat,
221 1778 308 1847 ipsum
326 1779 395 1844 Agin
416 1775 645 1844 persequebatur·
669 1776 723 1845 llle,
743 1786 771 1829 ut
791 1777 882 1844 fugam
902 1790 1005 1826 suorum

101 1855 129 1898 et
141 1848 271 1916 proximos
284 1846 398 1898 hostiurn
411 1847 553 1913 conspexit,
568 1844 664 1914 deponi
676 1863 704 1897 se
716 1845 807 1915 jussit:
827 1854 1002 1913 expertusque

101 1916 231 1984 membra,
252 1933 285 1967 an
310 1916 440 1983 impeturn
464 1915 546 1966 animi
570 1916 643 1984 sequi
667 1924 780 1984 possent,
804 1924 940 1982 postquam
960 1912 1005 1962 ‹le-

101 1985 192 2038 iicere⁶
215 1985 303 2051 sensit,
325 1984 466 2052 poplitibus
490 1995 575 2035 semet
598 1983 721 2053 excepit,s
744 1983 874 2051 galeaque
898 1991 1002 2032 strenue

102 2063 215 2122 sumpta,
237 2053 330 2123 clypeo
354 2062 493 2121 protegens
517 2069 616 2131 eoppae,
642 2053 746 2105 hastam
767 2053 858 2105 dextra
879 2049 1004 2117 vibrabat,

101 2124 168 2177 ultro
187 2122 415 2190 vocanshostem,
430 2122 450 2173 si
470 2123 529 2190 quis
547 2124 644 2192 Jaoenti
664 2123 745 2190 spolia
763 2122 871 2175 demere
888 2119 1005 2175 auderet.

100 2193 160 2246 Nec
190 2194 309 2262 uisquam
323 2191 379 2259 luit,
389 2191 435 2261 qui
448 2193 586 2244 sustineret
598 2190 888 2258 comminuscongredi.
915 2187 1006 2240 Procul

100 2210 246 2315 missilibus
263 2260 443 2330 appetebatur,
457 2278 489 2311 ea
508 2261 565 2329 ipsa
583 2262 609 2314 in
629 2261 731 2314 hostem
748 2270 905 2329 retorquens,
920 2257 1005 2310 donec

101 2331 195 2384 lancea
213 2332 282 2383 nudo
300 2331 398 2398 pectori
411 2330 491 2382 infixa
503 2341 559 2382 est:
579 2347 632 2399 qua
644 2348 678 2382 ex
690 2331 799 2383 vulnere
812 2329 919 2395 evolsa,⁷
932 2326 1004 2377 incli-

100 2410 192 2454 natum
213 2417 245 2452 ac
265 2399 393 2452 delicieris
411 2409 491 2467 caput
512 2400 606 2468 clypeo
627 2400 760 2467 paulisper
778 2399 890 2466 excepit,
910 2394 1006 2447 deinde

19 2505 23 2511 ·
100 2471 236 2540 linquente
257 2469 347 2538 spiritu
369 2469 465 2557 ppriter
485 2485 517 2519 ac
541 2469 676 2536 sanguine,
700 2468 870 2520 moribundus
889 2467 915 2516 in
933 2481 1007 2515 arma

947 2573 1008 2583 ——a

131 2636 138 2658 ¹
151 2629 213 2677 ‘His
225 2628 306 2688 thighs
315 2627 426 2675 deserted
438 2628 479 2674 the
489 2627 593 2674 warrior’
607 2633 656 2681 (see
666 2636 721 2673 note
733 2626 764 2673 iv.
776 2628 829 2683 34);
847 2625 898 2672 that
910 2626 939 2682 is,
955 2627 1007 2676 ‘his

101 2688 174 2736 limbs
193 2688 289 2735 refused
306 2687 356 2734 him
375 2687 491 2746 support!
524 2688 598 2733 Aeto
607 2687 709 2746 femina,
723 2700 813 2733 amore
825 2700 935 2733 common
946 2683 1015 2733 lorm‘

102 2747 159 2795 than
186 2764 269 2802 erroro,
282 2761 324 2793 see
336 2758 391 2793 note
402 2761 433 2792 on
444 2746 476 2792 iii.
486 2750 522 2793 30.

129 2811 140 2836 ⁹
173 2822 246 2853 ewas
257 2805 305 2865 laid
315 2820 379 2863 upon
390 2805 427 2852 his
438 2804 525 2858 shield‚
535 2803 614 2851 which
622 2819 671 2851 was
680 2804 738 2851 then
747 2803 825 2852 raised
835 2812 861 2851 to
871 2803 912 2851 the
924 2803 1004 2851 shoul-

101 2865 156 2914 ders
167 2865 196 2912 of
203 2865 271 2912 those
283 2864 339 2911 who
350 2879 413 2910 were
425 2874 450 2910 to
462 2866 519 2910 bear
529 2862 586 2910 him.
1062 2866 1065 2872 “

130 2929 139 2952 ¹
151 2924 222 2972 ‘The
232 2923 403 2971 Macedonicus
413 2923 458 2971 had
470 2933 510 2968 not
519 2922 677 2969 asavourable
688 2922 791 2981 position
798 2922 815 2978 ς’
828 2921 879 2970 that
890 2922 919 2977 is,
935 2921 1006 2980 ‘they

101 2983 148 3032 had
159 2999 191 3032 no
201 2999 269 3030 room
279 2991 304 3029 to
315 2983 404 3034 extend
415 2982 477 3028 their
488 2981 543 3037 line,
557 2981 603 3028 und
613 2981 668 3028 take
680 2980 813 3042 advantage
824 2981 851 3028 of
863 2981 925 3029 their
935 2995 1005 3039 supe-

36 3078 51 3093 „
101 3043 184 3102 riority
193 3043 218 3089 in
229 3041 359 3089 numbers'

130 3104 188 3148 ‘An
200 3099 322 3149 historical
334 3099 459 3155 infinitive,
473 3099 513 3146 the
525 3099 588 3146 force
600 3098 628 3145 of
640 3098 719 3146 which
730 3097 751 3146 is
762 3097 909 3147 maintained
924 3097 949 3145 in
964 3097 1005 3144 the

101 3159 320 3267 folqv'ldgbdhhlihh
330 3159 595 3276 hyterilieoippihiierless!

129 3284 138 3309 ⁸
152 3279 205 3327 ‘He
216 3277 279 3325 sank
290 3293 353 3336 upon
364 3276 402 3324 his
414 3277 506 3324 linees!

131 3337 179 3385 'In
194 3336 261 3395 early
273 3336 344 3383 Latin
363 3336 403 3382 the
423 3336 518 3383 lettere
529 3351 580 3382 was
597 3333 712 3383 followed
725 3335 742 3382 b
770 3352 784 3382 o
797 3332 826 3380 in
839 3331 914 3378 those
926 3329 1017 3386 etms

102 3396 182 3444 where
191 3394 288 3454 latterly
296 3395 363 3443 there
371 3395 441 3444 stood
450 3413 480 3454 a,·
493 3392 704 3445 andthielormoi
712 3403 753 3442 ort
768 3389 880 3458 ogram
885 3396 1034 3433 asssum-

95 3454 167 3500 times
176 3452 287 3501 retained
298 3454 331 3515 by
342 3454 414 3504 those
426 3457 533 3507 authors
543 3456 605 3507 who
615 3453 729 3506 affected
735 3450 892 3501 neumas.
