2274 3772
485 194 577 234 maan
597 192 637 233 vr.
960 154 1015 232 loa

106 304 182 360 milia
200 305 256 359 fere
274 304 390 358 militum
402 311 545 370 venerant;
562 309 700 371 praeterea
719 301 795 355 turba
813 300 928 354 lixarum
945 300 1016 355 calo-

106 392 225 446 numque
248 374 432 444 impleverant¹
455 372 565 440 regiam.
608 371 739 424 Philotam
763 371 885 438 armigeri
908 372 1016 438 agmine

108 461 155 497 suo
179 444 312 513 tegebant,
331 460 365 496 na
388 452 450 495 ante
474 441 589 510 conspici
614 449 703 509 posset
721 459 738 492 a
756 440 843 509 vulgo,
865 457 944 508 quam
970 456 1016 495 rex

107 513 236 567 allocutus
254 514 352 566 milites
370 520 449 564 esset.
486 513 525 565 De
544 509 703 578 capitalibus
718 510 796 562 rebus
808 518 911 563 vetusto
924 512 1015 564 Mace·

108 582 207 636 donum
230 584 309 636 modo
329 581 478 651 inquirebat
497 580 637 648 exercitus,
658 579 684 631 in
708 596 775 648 pace
795 589 851 632 erat
872 580 961 649 vulgi,
988 588 1015 633 et

107 652 172 705 nihil
185 661 302 722 potestas
322 669 416 720 regum
427 651 541 719 valebat,
555 649 604 701 nisi
627 649 699 718 prius
710 648 837 701 valuisset
855 650 1018 703 auctoritas?

107 721 192 790 Igitur
210 722 299 775 Dimni
319 721 435 792 primum
455 720 569 772 cadaver
588 718 704 787 infertur,
725 719 866 788 plerisque,
887 719 952 787 quid
970 737 1014 789 pa-

108 799 199 860 rasset,
220 808 305 860 quove
326 808 391 844 casu
412 789 544 843 extinctus
563 796 642 855 esset,
655 787 762 855 ignaria.
798 788 854 841 Rex
874 787 971 843 deinde
989 789 1015 842 in

108 860 259 913 contionem
276 860 401 930 procedit,
414 859 487 911 vultu
506 856 657 927 praeferens
677 856 795 909 dolorem
814 859 905 911 animi.
942 859 1016 911 Ami·

108 945 201 982 corum
223 947 329 998 quoque
358 929 491 982 maestitia
514 927 726 997 expectationem
750 925 821 979 haud
844 944 953 996 parvam
979 929 1016 981 rei

108 998 219 1051 lecerat.
255 1000 306 1052 Diu
327 1016 371 1051 rex
390 999 506 1051 demisso
526 997 552 1049 in
572 1006 670 1048 terram
689 995 891 1063 vultuattonito
910 1007 1017 1066 stupen-

109 1069 182 1136 tique
201 1069 295 1120 similis
313 1070 394 1121 stetit.
430 1067 550 1120 Tandem
569 1073 674 1135 recepto
691 1067 788 1133 animo,
808 1067 905 1134 Paene,
924 1067 1015 1136 inquit,

109 1136 215 1206 milites,
235 1137 372 1191 hominnm
392 1137 493 1190 scelere
511 1136 586 1189 vobis
604 1143 711 1204 ereptus
728 1151 803 1188 aum:
823 1136 915 1188 deum³
933 1137 1016 1204 provi·

110 1206 200 1258 dentia
222 1216 249 1260 et
273 1208 450 1260 misericordia
470 1208 538 1259 vivo.
574 1207 788 1273 Conspectusque
809 1206 889 1257 vestri
909 1222 1017 1257 venera-

111 1275 182 1328 bilis⁴
204 1278 298 1346 coegit,
319 1286 348 1330 ut
368 1276 556 1329 vehementius
578 1274 716 1344 parricidis
739 1275 872 1343 irascerer,
892 1275 1016 1342 quoniam

109 1346 274 1415 praecipuus,
288 1347 370 1399 immo
389 1363 457 1399 unus
469 1346 539 1398 vitas
554 1362 633 1397 meae
646 1343 748 1397 fructus
759 1352 808 1412 est,
821 1352 858 1395 tot
871 1343 1019 1397 fortissimis

110 1414 172 1466 viris
184 1426 210 1468 et
223 1415 256 1468 de
268 1434 313 1469 me
333 1416 433 1485 optime
452 1415 554 1468 meritis
574 1414 670 1466 referre
690 1412 779 1465 adhuc
797 1416 909 1480 gratiam
930 1430 1016 1482 posse.

109 1483 248 1554 Interrupit
267 1487 411 1539 orationem
431 1485 547 1537 militum
565 1484 689 1552 gemitus,
703 1482 863 1552 obortaeque
883 1493 943 1535 sunt
962 1500 1018 1537 om-

109 1552 188 1606 nibus
217 1554 352 1607 lacrimae.
385 1555 466 1607 ·Tum
496 1571 549 1622 rex,
574 1554 686 1622 Quanto,
711 1553 805 1622 inquit,
830 1552 958 1622 majorem
989 1553 1015 1606 in

108 1623 204 1676 animis
223 1624 319 1677 vestris
338 1635 440 1677 motum
459 1624 589 1692 excitabo,
603 1639 666 1675 cum
684 1624 750 1674 tanti
771 1622 880 1674 sceleris
897 1632 1019 1675 auctores

109 1692 265 1747 ostendero!
286 1711 398 1763 quorum
411 1695 576 1747 mentionem
587 1691 676 1745 adhuc
689 1690 837 1759 reformido,
850 1702 877 1744 et
890 1700 1017 1760 tanquam

110 1761 176 1814 salvi
195 1779 255 1814 esse
279 1763 387 1832 possint,
409 1762 561 1815 nominibus
582 1762 710 1815 abstineo.
755 1761 807 1813 Sed
828 1762 958 1813 vincenda
978 1771 1019 1815 est

109 1832 239 1884 memoria
259 1833 385 1901 pristinae
406 1831 529 1899 caritatis,
543 1840 570 1884 et
588 1831 732 1900 conjuratio
753 1830 892 1899 impiorum
918 1830 1018 1885 civium

109 1899 269 1967 detegenda.
305 1901 441 1960 Quomodo
464 1912 555 1953 autem
579 1909 682 1952 tantum
706 1899 783 1950 nefas
806 1898 921 1951 sileam?
957 1900 1019 1953 Par·

109 1971 206 2038 menio,
220 1968 265 2021 illa
277 1979 373 2039 aetate,
387 1979 425 2022 tot
436 1970 512 2038 meis,
527 1978 564 2021 tot
577 1969 693 2038 parentis
705 1969 760 2020 mei
772 1968 875 2020 meritis
887 1967 1017 2038 devictus,

109 2039 229 2090 omniurn
252 2039 330 2091 nobis
352 2039 499 2092 amicorum
523 2038 725 2104 vetustissimus,
750 2037 847 2089 ducem
873 2055 902 2090 se
926 2039 1019 2091 sceleri

110 2116 181 2159 tanto
193 2108 321 2176 praebuit.
357 2109 480 2162 Minister
496 2108 555 2177 ejus
571 2107 690 2160 Philotas
709 2107 868 2161 Peucolaum
880 2116 906 2159 et
925 2108 1020 2161 Deme·

110 2175 190 2230 trium
212 2186 239 2229 et
263 2177 334 2231 hunc
357 2179 492 2246 Dimnum,
513 2176 589 2247 cujus
607 2194 702 2247 corpus
719 2177 844 2246 aspicitis,
864 2186 1020 2247 ceterosque

110 2243 232 2313 ejusdem
244 2248 385 2317 amentiae,
398 2248 424 2300 in
439 2256 518 2317 caput
531 2264 622 2300 meum
635 2246 795 2300 subornavit.

146 2318 186 2365 ³3.
206 2315 339 2368 Fremitus
362 2316 480 2386 undique
503 2317 695 2384 indignantium
719 2316 941 2385 querentiumque
965 2325 1020 2368 tota

110 2384 232 2436 contione
260 2385 436 2455 obstrepebat,
467 2386 552 2455 qu'alis
586 2386 653 2438 solet
691 2402 750 2437 esse
780 2384 962 2452 multitudinis,
994 2395 1021 2438 et

110 2455 228 2505 maxime
252 2454 380 2525 militaris,
406 2455 450 2507 ubi
473 2464 520 2507 aut
546 2454 634 2506 studio
656 2455 749 2522 agitur,
774 2465 820 2504 aut
849 2455 896 2504 ira.
943 2455 1021 2507 Nico·

110 2522 332 2575 machusdeinde
351 2533 378 2576 et
394 2524 499 2576 Metron
518 2529 545 2575 et
563 2523 705 2576 Cebalinus
724 2522 850 2591 producti,
864 2539 932 2589 quae
951 2524 1022 2592 quis·

110 2607 163 2658 que
186 2591 317 2645 detulerat
340 2601 483 2662 exponunt.
530 2593 638 2646 Nullius
664 2609 755 2645 eorum
784 2591 881 2645 indicio
905 2592 1022 2646 Philotas

110 2663 242 2730 particeps
254 2662 362 2716 sceleris
373 2661 575 2715 destinabatur.⁶
610 2661 709 2730 Itaque,
723 2660 902 2728 indignatione
921 2678 1020 2731 pressa,

111 2745 162 2782 vox
180 2731 297 2784 indicum
316 2732 420 2784 silentio
438 2741 550 2801 excepta
568 2742 616 2783 est.
652 2732 723 2784 Tum
741 2746 794 2799 rex,
814 2729 914 2800 Qualis,
928 2732 1020 2802 inquit,

111 2814 173 2866 ergo
196 2800 278 2852 animi
301 2801 376 2854 vobis
399 2801 510 2869 videtur,
531 2801 576 2871 qui
600 2799 678 2870 hujus
698 2801 736 2852 rei
756 2799 874 2853 delatum
894 2801 1020 2856 indicium

113 2881 364 2888 —-—.—--—.-...

141 2909 148 2932 ¹
159 2903 240 2951 Plural
248 2906 306 2953 verb
316 2904 375 2952 with
383 2905 490 2964 singular
496 2904 524 2952 of
527 2883 655 2952 cdllective
664 2920 737 2952 noun.
765 2881 1020 2965 saffiram-balal
1071 2940 1074 2945 -

113 2961 175 3010 Com
194 2978 233 3010 are
245 2979 258 3011 a
269 2963 361 3012 similar
371 2964 488 3018 instance,
502 2965 533 3011 iv.
545 2967 581 3011 45.

140 3027 165 3052 ¹⁶
199 3022 1021 3129 nlesspreviouslytheirexpressedopinionhadprevailedandbeen

112 3081 236 3187 approved
251 3098 265 3129 o

112 3155 126 3186 ⁰
141 3155 265 3248 'blldrbbid
275 3199 345 3255 form,
359 3214 400 3248 see
414 3200 494 3247 Grom.
506 3199 520 3251 b
532 3204 569 3256 58,
583 3211 638 3248 nota
650 3205 672 3248 5.

141 3258 231 3306 “'l'bs
247 3259 374 3307 venerable
394 3259 458 3318 sight
477 3258 505 3306 of
522 3260 596 3318 you?
613 3262 695 3316 castri,
713 3259 755 3308 the
772 3260 890 3319 objectiva
907 3261 1022 3319 genitive.

118 3314 265 3388 Venerabilis
280 3319 300 3366 is
313 3318 396 3378 J'oined
411 3328 437 3365 to
447 3328 591 3380 conspectas,
604 3319 695 3381 tbougb
707 3319 725 3367 it
736 3320 757 3367 is
768 3318 878 3380 properly
890 3334 919 3366 an
930 3320 1022 3379 epithet

111 3375 370 3485 obt‘hbvsdshibdisdated
380 3452 407 3485 or
417 3435 516 3496 pointed
526 3446 568 3484 out
579 3436 623 3485 as!

277 3083 291 3129 .’
324 3082 387 3130 'l'his
404 3083 425 3129 is
441 3082 465 3129 in
481 3082 523 3130 the
534 3083 638 3142 genuine
650 3082 746 3131 Roman
756 3098 827 3131 sense
839 3084 880 3131 the
891 3087 1022 3134 auctoritas
