2274 3772
120 95 177 153 m
383 108 423 149 nu
447 107 556 148 cnsrrs
575 107 760 149 scurnum.

117 218 188 273 haud
201 220 249 271 rati
262 235 292 271 se
303 217 404 271 futuros
421 233 506 287 pares.
541 217 638 284 Ingens
655 233 717 286 ergo
734 217 760 269 in
779 215 948 270 tabernaculo
964 215 1031 270 'soli-

118 289 181 342 tudo
193 297 255 356 erat,
269 288 360 354 paucis
375 285 542 408 spadonibus,
555 285 618 354 quia
629 303 681 354 quo
692 287 858 339 discederent
876 304 926 339 non
946 285 1031 340 habe-

118 358 189 423 bant,
209 357 389 408 circumstanti
409 373 441 408 us
460 372 559 423 regem.
594 358 630 409 At
650 355 702 424 ille,
723 358 830 409 remotis
848 356 960 425 arbitris,
981 356 1032 410 diu

117 425 189 477 aliud
207 435 287 493 atque
305 424 376 477 aliud
395 424 534 478 consilium
553 428 640 478 animo
656 425 800 478 volutabat.
835 427 949 494 Jamque
968 425 1031 479 soli-

118 493 245 562 tudinem,
270 511 352 563 quam
374 493 452 564 paulo
475 503 537 546 ants
559 510 605 564 pro
628 495 719 547 solatio
742 494 878 564 petiverat,
901 498 1032 566 perosus,¹

118 561 244 617 Bubacen
263 564 350 616 vocari
366 563 451 633 jubet.
486 562 572 621 Quem
592 563 705 633 intuens,
718 565 765 632 Ite,
780 565 871 633 inquit,
888 565 1029 635 consulite,

117 633 199 701 vobis,
213 633 246 685 ad
260 633 382 686 ultimum
395 634 450 702 regi
463 643 556 702 vestro,
569 643 598 685 ut
610 634 728 702 decebat,
742 633 795 687 fide
808 633 933 687 exhibita.
971 635 1031 703 Ego

117 701 162 755 hic
181 703 269 770 legem
288 702 336 756 fati
357 703 412 756 mei
431 711 550 773 expecto.
588 702 707 759 Forsitan
726 703 837 773 mireris,
854 704 924 773 qnod
942 705 1031 759 vitam

118 788 170 825 non
193 773 302 826 finiam}
324 772 411 827 alieno
434 772 542 842 scelere,
566 789 648 841 qoam
670 790 738 841 meo,
761 773 826 825 mori
849 773 928 826 malo.
966 775 1031 828 Post

118 841 188 895 hanc
199 859 293 896 vocem
306 843 387 912 spado
398 843 500 912 gemitu
512 859 562 895 non
576 842 775 895 tabernaculum
786 842 933 912 modo,‹sed
945 847 1031 900 etiam

119 921 216 964 castra*
229 912 381 982 complevit.
417 913 536 981 Irrupers
559 911 656 964 deinde
679 911 733 980 alii,
755 911 927 981 laceratisque
948 914 1029 966 vesti·

120 980 170 1035 bus
190 982 292 1051 lugubri
313 989 340 1034 et
359 982 469 1044 barbaro
488 981 588 1033 ululatu
609 998 700 1048 regem
719 981 855 1051 deplorare
874 992 1029 1052 coeperunt.

120 1051 226 1120 Persae,
234 1051 269 1104 ad
278 1051 337 1104 illos
344 1051 459 1105 clamore
468 1050 575 1120 perlato,
582 1051 684 1104 attoniti
693 1060 774 1119 metu,
784 1069 833 1104 nec
840 1068 915 1104 arma
922 1069 1028 1126 capere,

46 1132 49 1137 “
120 1137 156 1174 ne
167 1121 192 1173 in
206 1121 357 1174 Bactrianos
369 1121 523 1190 inciderent,
534 1137 584 1173 nec
595 1121 733 1190 quiescere
745 1120 885 1189 audebant,
899 1138 932 1173 ne
945 1122 1029 1201 impie

120 1191 243 1244 deserere
256 1207 348 1259 regem
361 1192 517 1244 viderentur.
554 1191 657 1243 Varius¹
667 1206 700 1242 ac
717 1189 841 1243 dissonus
856 1191 956 1243 clamor
971 1208 1030 1244 stne

120 1259 189 1314 duce
201 1278 233 1313 ac
246 1261 302 1313 sine
314 1261 352 1314 im
372 1262 425 1314 erio
438 1260 498 1313 totis
510 1260 604 1313 castris
617 1259 798 1313 referebatur.²

156 1335 198 1383 34.
218 1331 298 1383 Besso
310 1340 337 1384 et
348 1279 497 1384 §eburnam
510 1331 691 1383 nuntiaverant
701 1329 748 1397 sui,
760 1346 850 1398 regem
858 1345 875 1382 a
884 1329 1031 1402 semetipso

121 1399 310 1468 interemptum
330 1416 398 1452 esse.
435 1399 559 1452 Planctus
575 1416 621 1451 eos
639 1399 790 1468 deceperat.
826 1401 919 1468 ltaque
939 1403 1030 1456 citatis

122 1470 199 1537 equis
216 1469 348 1538 advolant,
361 1469 534 1537 sequentibus
546 1484 612 1537 quos
624 1469 657 1520 ad
671 1469 847 1522 ministerium
860 1470 969 1523 sceleris
981 1471 1028 1524 de-

122 1538 240 1606 legerant
248 1554 255 1606 ;
274 1547 373 1591 etcum
387 1537 586 1591 tabernaculum
600 1537 747 1607 intrassent,
761 1540 823 1607 quia
836 1555 926 1606 regem
935 1541 1028 1594 vivere

122 1607 253 1677 spadones
265 1606 425 1676 iudicabant,
437 1607 626 1676 comprehendi
638 1607 782 1676 vincirique
793 1607 933 1677 jusserunt.
969 1609 1028 1664 Rex

122 1692 200 1730 curru
209 1677 287 1747 paulo
296 1687 358 1730 ante
367 1686 461 1729 vectus
470 1686 496 1730 et
508 1676 617 1732 deorum
628 1677 754 1746 auspiciis
765 1695 798 1730 ac
810 1679 864 1730 suis
876 1677 1028 1732 honoribus³

122 1746 217 1815 cultus,
228 1747 300 1800 nulla
312 1756 421 1800 entema
432 1748 492 1816 ope⁴
503 1746 617 1816 admota,
628 1748 749 1815 captivus
761 1762 896 1800 servorum
909 1764 1025 1820 suorum,

123 1816 150 1869 iu
161 1817 297 1871 sordidum
305 1816 460 1870 vehiculum
468 1816 581 1886 pellibus
590 1815 704 1884 undique
713 1825 864 1870 contectum
876 1817 1025 1886 imponitur.

124 1887 239 1940 Pecunia
251 1888 321 1956 regis
332 1898 358 1939 et
371 1886 490 1956 supellex
501 1887 577 1955 quasi
588 1885 652 1939 belli
663 1885 721 1954 jure
733 1885 853 1956 diripitur
859 1903 867 1953 ;
884 1887 1026 1956 onustique

143 1957 229 2026 raeda,
242 1974 288 2026 per
306 1957 393 2010 scelus
411 1957 532 2010 ultimum
551 1964 632 2024 parta,
646 1954 738 2023 sugam
758 1955 915 2009 intendunt.⁶
949 1959 1026 2010 Arta·

122 1971 207 2079 hazus
225 2043 287 2078 cum
306 2026 355 2095 his,
371 2026 416 2094 qui
435 2025 544 2093 imperio
562 2025 696 2094 parebant,
709 2025 870 2094 Graecisque
887 2025 1024 2098 militibus,

123 2093 283 2147 Parthienen
295 2095 411 2163 petebat,
419 2096 508 2147 omnia
517 2095 611 2146 tutiora
619 2094 809 2162 parricidarum
818 2097 1024 2149 contuituratus.

124 2163 228 2232 Persae,
242 2163 457 2232 promissisBessi
469 2165 576 2231 onerati,
585 2163 705 2215 maxime
718 2165 780 2232 quia
792 2180 869 2217 nemo
880 2164 948 2216 alius
960 2174 1025 2235 erat,

123 2245 204 2304 quern
222 2244 400 2302 sequerentur,
422 2231 580 2301 conjunxere
598 2249 627 2284 se
647 2231 798 2302 Bactrianis,
817 2250 913 2301 agmen
934 2251 1026 2289 eorum

123 2305 199 2357 tertio
212 2303 326 2356 assecuti
337 2302 390 2354 die.
409 2302 450 2355 Ne
459 2311 551 2355 tamen
565 2301 647 2353 bonos
659 2302 711 2370 regi
722 2320 772 2355 non
782 2303 929 2372 haberetur,
939 2305 1028 2358 aureis

123 2374 296 2443 compedibus
308 2374 424 2426 Dareum
435 2371 561 2439 vinciunt,
574 2387 643 2423 nova
660 2371 772 2424 ludibria
789 2373 910 2425 subinde⁰
922 2374 1027 2442 excogi-

124 2452 195 2497 tante
210 2443 321 2497 fortuna.
351 2443 385 2496 Et
394 2459 428 2494 ne
441 2441 507 2494 forte
519 2442 591 2494 cultu
604 2440 676 2509 regio
689 2451 776 2511 posset
788 2443 902 2511 agnosci,
916 2443 1028 2496 sordidis

123 2513 237 2583 pellibus
256 2512 410 2571 vehiculum
428 2512 589 2565 intererant:
601 2533 603 2537 >
614 2511 695 2578 ignoti
712 2510 833 2580 jumenta
852 2511 974 2582 agebant,
993 2529 1028 2565 ne

123 2582 338 2704 percoqtantibus
355 2583 382 2636 iu
399 2582 506 2650 agmine
523 2580 660 2635 monstrari
678 2588 780 2649 posset:
799 2581 923 2634 custodes
937 2581 1027 2651 procul

124 2668 154 2704 se
173 2669 206 2704 ue
227 2661 311 2705 antur.

155 2668 200 2772 35.
220 2719 375 2787 Alexander,
399 2718 500 2772 audito⁷
528 2719 643 2772 Dareum
672 2719 786 2771 movisse
814 2719 850 2772 ab
873 2720 1027 2790 Ecbatanis,

153 2827 161 2850 ¹
173 2820 272 2868 Passive
282 2820 351 2877 form,
363 2822 406 2868 but
418 2820 495 2867 active
506 2820 672 2880 signification.
704 2820 751 2868 See
763 2821 860 2880 Zumpt,
874 2819 887 2872 b
898 2824 948 2868 221.

152 2879 316 2938 'Equivulent
328 2890 352 2927 to
364 2880 491 2927 ranculat.

153 2939 210 2986 ⁸He
227 2938 273 2986 hod
289 2940 350 2985 been
366 2937 455 2996 doubly
466 2937 588 2988 honoured
601 2940 634 2998 by
645 2938 685 2986 the
696 2939 802 2998 picturas
812 2938 858 2986 ond
869 2939 988 2988 emblems
999 2940 1027 2989 of

124 2999 166 3048 the
177 2997 245 3068 gods,
258 2996 338 3064 which
349 3011 413 3045 were
428 2996 519 3045 curtied
535 2997 615 3046 before
631 2997 689 3053 him,
703 2997 749 3045 and
760 2999 792 3058 by
803 2997 844 3045 the
855 2998 960 3047 honour·
971 2999 1028 3059 puid

124 3055 448 3182 t⁰⁴hlliilihlesddulriiiid'sense
459 3115 487 3162 of
493 3114 589 3171 hostile,
602 3125 643 3162 not
655 3114 780 3183 suxiliary,
792 3131 882 3176 power.
911 3177 916 3188 ι

154 3184 162 3209 ¹
172 3176 259 3236 ‘They
268 3175 324 3223 take
336 3183 360 3221 to
371 3172 456 3234 lltght!
489 3172 544 3221 The
555 3174 625 3224 mode
633 3173 662 3222 ol
668 3177 899 3237 expressronsugum
906 3177 1027 3226 emendare

124 3236 146 3286 is
152 3235 262 3343 dqudrdddr
270 3233 475 3342 qiumtgrqocqffiqrqn
485 3225 570 3292 phrase
581 3237 627 3284 iter
636 3236 763 3284 intendere.

153 3352 220 3403 'For
229 3353 290 3403 such
301 3326 448 3413 apnticipti
458 3366 485 3401 ss
496 3349 545 3400 this
561 3351 585 3399 in
601 3353 641 3401 the
652 3353 756 3402 ablativo
767 3351 885 3412 absolute,
898 3353 1001 3406 without
1011 3369 1027 3407 t
