2274 3772
123 214 181 270 300
384 229 423 268 uu
446 229 552 270 ussurs
575 201 757 270 iuaxauoar.

122 356 169 393 aas
185 337 246 391 ferri
264 354 418 406 magnarum
436 338 545 392 navium
564 355 671 408 corpora
690 348 841 406 aequantes,
861 338 932 392 truci
950 345 1036 404 'cantu

121 409 258 462 deterritas
270 408 344 477 sequi
358 408 489 476 classem,¹
502 425 564 461 cum
583 425 678 476 magno
690 409 810 477 aequoris
822 410 945 477 strepitu,
961 411 1038 464 velut

121 478 244 531 demersa
256 478 366 546 navigia,
381 478 484 529 subisse
502 495 593 546 aquas.
630 479 724 531 Cetera
742 477 835 530 incolis
851 478 1036 550 crediderant,

121 548 188 600 inter
200 564 277 616 quac,
290 547 406 599 Rubrum
425 563 498 599 mare
517 565 568 600 non
580 565 597 598 a
609 546 694 599 colore
710 547 847 614 undarum,
862 558 891 599 ut
910 548 1046 619 plerique,

121 616 266 685 crederent,
280 616 326 668 sed
339 616 373 669 ab
387 617 497 685 Erythro
510 633 572 684 rege
585 616 726 685 appellari:
746 634 805 669 esse
818 616 890 668 haud
910 619 1009 686 procul
1020 636 1039 672 a

121 686 264 740 continenti
277 685 390 738 insulam
407 685 504 755 palmis
517 686 700 753 frequentibus
711 687 846 754 consitam,
860 694 887 738 et
901 687 927 739 in
942 689 1038 742 medio

120 756 176 810 sere
189 772 295 807 nemore
307 755 457 807 columnam
470 755 596 822 eminere,
611 755 716 824 Erythri
734 755 803 823 regis
813 767 1036 829 monumentum,

121 825 215 878 litteris
225 824 313 892 gentis
324 824 382 894 ejus
394 825 527 892 scriptam.
564 823 740 895 Adjieiebaut,
755 826 864 893 navigia,
879 843 953 894 quae
968 829 1039 882 lixas

121 903 332 962 mercatoresque
345 894 484 960 vexissent,
499 893 597 946 samam
611 894 667 946 auri
686 896 783 946 secutis
800 895 1036 966 gubernatoribus,

121 964 148 1017 in
169 963 282 1016 insulam
302 980 361 1015 esse
382 963 542 1030 transmissa,
556 979 606 1014 nec
624 963 722 1015 deiude
740 964 774 1016 ab
793 964 844 1016 his²
856 972 955 1033 postea
970 969 1037 1019 visa.

120 1033 184 1100 Rex,
198 1032 372 1100 cognoscendi
391 1032 465 1102 plura
482 1033 606 1101 cupidine
620 1049 756 1102 accensus,
771 1050 859 1086 rursus
872 1051 919 1086 eos
933 1045 1038 1090 terram

120 1106 208 1171 legere
220 1101 302 1171 jubet,
316 1102 400 1153 donec
418 1101 451 1153 ad
471 1103 613 1171 Euphratis
630 1103 697 1154 ostia
714 1102 878 1172 appellerent
897 1104 1038 1173 classem,

119 1172 183 1226 iude
195 1173 305 1224 adverso
317 1188 395 1223 amne
408 1171 542 1240 Babylona
554 1171 691 1224 subituros.

155 1246 179 1294 3.
198 1242 257 1311 Ipse
269 1241 357 1294 animo
369 1240 471 1293 Infinita
483 1240 637 1310 complexus
649 1250 781 1310 statuerat,
796 1242 867 1293 omni
887 1242 923 1295 ad
943 1245 1037 1298 Orien·

120 1320 177 1364 tem
194 1310 326 1363 maritima
344 1311 448 1378 regiona
469 1310 622 1379 perdomita,
643 1327 676 1363 ex
696 1311 770 1380 Syria
789 1320 880 1379 petere
900 1312 1037 1382 Africam,

120 1380 270 1447 Carthagini
283 1380 416 1432 infensus:
437 1379 498 1432 inde
511 1379 653 1432 Numidiae
671 1379 855 1432 solitudinibus
874 1386 1037 1452 peragraris,

119 1466 225 1502 cursum
251 1448 343 1501 Gadis⁸
366 1448 487 1516 dirigere.
523 1449 563 1500 Ibi
593 1466 708 1518 namque
738 1449 875 1502 columnas
906 1451 1038 1505 Herculis

120 1534 179 1569 ease
209 1518 282 1570 fama
307 1516 468 1584 vulgaverat.
512 1518 651 1586 Hispanias
681 1517 800 1587 deiude,
816 1535 883 1587 quas
914 1521 1037 1575 Iberiam

119 1587 214 1640 Graeci
239 1605 255 1638 a
279 1584 390 1637 flumine
420 1586 495 1638 Ibero
518 1587 656 1653 vocabant,
682 1587 772 1640 adire·
802 1597 828 1640 et
858 1591 1036 1657 praetervehi

119 1655 209 1725 Alpes,
231 1654 374 1723 Italiaeque
394 1671 475 1723 oram,
494 1655 565 1707 unde
587 1656 611 1707 in
633 1657 744 1727 Epirum
761 1627 848 1709 brevis
866 1675 967 1711 cursus
986 1671 1036 1713 est.

120 1726 200 1794 Igitur
212 1723 423 1794 Mesopotamiae
436 1725 599 1794 praetoribus
611 1725 758 1796 imperavit,
768 1726 878 1779 materia
891 1728 923 1780 in'
930 1729 1037 1783 Libano

120 1803 209 1848 moute
228 1811 314 1864 caesa,
327 1793 491 1864 devectaque
510 1793 544 1847 ad
562 1794 656 1848 urbem
675 1796 765 1865 Syriae
777 1795 961 1868 Thapsacum,
976 1817 1036 1870 sep

120 1865 297 1932 tingentarum
308 1864 411 1916 carinas
423 1865 530 1917 navium
543 1881 654 1934 ponere:
675 1866 840 1934 septiremes⁴
852 1882 949 1918 omnes
963 1886 1035 1939 esse,

119 1933 269 2002 deducique
291 1933 473 2003 Babyloniam.
510 1935 662 2003 Cypriorum
688 1934 793 2002 regibus
812 1935 986 2006 imperatum,
1009 1948 1036 1991 ut

119 2020 167 2055 aes
187 2005 373 2073 stuppamque⁶
393 2013 419 2056 et
440 2003 499 2056 vela
519 2003 682 2072 praeberent.
720 2004 793 2055 Haeo
812 2005 901 2071 agenti
924 2006 987 2058 Pori
1009 2017 1036 2060 et

120 2073 220 2124 Taxilis
233 2089 325 2140 regum
337 2071 439 2125 litterae
452 2073 595 2142 traduntur,
609 2072 737 2125 Abisaren
751 2073 849 2142 morbo,
863 2072 1036 2145 Philippum,

120 2141 285 2210 praesectum
309 2141 398 2211 ipsius,
425 2135 458 2193 eri
479 2143 587 2194 vulnere
611 2142 740 2210 interisse,
765 2158 959 2211 oppressosque
988 2147 1036 2214 qui

120 2208 302 2261 vulnerassent
320 2227 391 2262 eum.
428 2211 510 2278 Igitur
522 2211 642 2279 Philippo
661 2212 793 2264 substituit
814 2212 1036 2268 Eudaemonem.

120 2279 180 2332 Dux
192 2289 247 2331 erat
259 2279 400 2331 Thracum.
437 2280 555 2332 Abisaris
568 2297 678 2347 regnum
690 2281 741 2333 filio
754 2279 812 2349 ejus
823 2281 952 2335 attribuit.

154 2354 179 2401 t.
199 2348 313 2401 Ventum
326 2358 365 2400 est
378 2349 474 2401 deiude
487 2349 655 2418 Persagada.⁶
691 2351 796 2402 Persica
808 2360 848 2402 est
859 2367 936 2421 gens,
951 2354 1036 2423 cujus

120 2427 238 2488 satrapes
255 2417 361 2470 Orsines
379 2428 441 2488 erat,
455 2419 591 2472 nobilitate
609 2437 641 2471 ac
659 2419 759 2471 divitiis
776 2419 843 2471 inter
857 2436 954 2473 omnes
975 2423 1037 2476 bar·

701 2491 711 2513 ἦ

786 2521 1037 2535 ‘'m—*Q

150 2572 157 2594 ¹
170 2566 268 2613 ‘When
278 2569 311 2626 by
322 2582 336 2613 a
346 2565 403 2613 wild
419 2582 461 2672 erp
476 2566 562 2620 (raised
581 2569 614 2625 by
630 2567 671 2613 the
688 2531 803 2622 saumae),
821 2566 880 2626 they
896 2566 946 2615 had
967 2571 1037 2619 been

119 2624 253 2684 Irightened
265 2625 327 2672 back
338 2625 399 2673 from
410 2625 443 2672 sol
454 2626 534 2686 owing
544 2626 585 2672 the
597 2625 672 2672 fleet.’

148 2693 158 2717 a
170 2688 222 2747 ‘By
233 2688 300 2736 them
308 2690 324 2746 ;¹
337 2689 442 2748 namely,
453 2689 494 2736 the
505 2699 631 2737 narrators.

149 2751 222 2798 =Tn0
233 2752 273 2800 old
284 2752 344 2801 form
356 2756 377 2801 ie
389 2754 413 2801 in
424 2754 464 2801 the
476 2755 611 2802 accusative
622 2753 699 2813 plural
710 2754 737 2801 of
749 2769 825 2801 nouus
841 2753 933 2816 having
945 2759 999 2807 ium
1010 2761 1037 2809 in

120 2812 161 2858 the
180 2810 285 2870 genitive
302 2819 350 2866 (see
369 2813 448 2860 Crem.
465 2812 479 2863 l
495 2816 541 2868 69),
555 2828 605 2861 was
625 2814 732 2861 retained
750 2813 879 2874 especially
897 2815 923 2862 in
943 2831 1037 2878 proper

119 2885 211 2922 names.
225 2870 284 2916 such
296 2886 322 2918 as
334 2871 419 2920 Sardio
430 2871 476 2919 and
490 2872 572 2920 Gadis.

148 2933 254 2980 ⁴‘With
265 2949 339 2982 seven
350 2951 412 2983 rows
423 2936 451 2983 of
465 2951 518 2984 oars
535 2945 588 2989 (one
604 2938 680 2984 above
699 2937 824 2991 another).'
857 2936 943 2985 These
960 2939 1002 2988 shi
1022 2958 1035 2990 s

118 3009 182 3042 were
192 2992 309 3040 therefore
320 3004 345 3040 to
356 2995 385 3041 bc
394 2995 422 3042 cl
428 2995 606 3055 extraordinary
617 2997 666 3043 sIze
675 2996 711 3043 sor
720 2997 770 3044 that
782 3012 834 3056 age,
846 2995 916 3045 those
929 2998 954 3044 in
964 3014 995 3047 or
1014 3001 1034 3048 i.

117 3053 1035 3179 luuh?“ltuheliuth?IIIIstultulus..Ihzlhdr

117 3170 225 3219 hundred
233 3147 305 3231 ’years
318 3169 384 3226 later,
395 3186 419 3218 rn
428 3171 468 3219 the
478 3149 554 3220 Prinic
563 3189 631 3220 ware.
653 3173 793 3221 Alexander
803 3173 916 3222 Intended
930 3184 955 3223 to
967 3179 1034 3226 send

117 3228 166 3278 this
177 3230 242 3284 fleet,
256 3229 335 3277 which
346 3245 396 3277 was
409 3245 461 3277 now
473 3241 498 3278 to
514 3234 543 3279 be
560 3232 620 3279 built
635 3247 668 3279 un
682 3232 723 3279 the
735 3232 880 3292 Euphrates,
893 3232 968 3295 along
985 3236 1032 3285 the

117 3299 183 3336 coast
195 3289 223 3336 cl
231 3289 322 3337 Arabia
332 3289 378 3336 and
388 3289 463 3336 round
476 3290 566 3339 Africa.
850 3301 853 3305 “

146 3352 297 3423 '‘Copper,'
315 3353 340 3403 in
355 3352 435 3402 which
451 3353 548 3415 Cyprus
562 3370 614 3402 was
632 3354 692 3412 rich,
706 3355 768 3404 ‘and
782 3354 891 3413 uakum,’
909 3349 937 3405 to
953 3358 1032 3409 caulk

106 3411 379 3544 thpglprpsfflgw,
392 3474 512 3529 which'rs
521 3471 639 3536 properly
649 3470 694 3519 ms
702 3483 776 3516 aams
784 3467 942 3514 ulmetium.
