2274 3772
110 171 169 226 200
379 184 417 223 oe
442 185 546 225 cassis
566 186 750 226 acutarum.

111 304 167 348 tare
185 292 349 363 respondent,
369 295 525 362 equitesque
543 294 651 346 tendere
669 303 742 347 extra
760 294 933 346 munimenta
951 295 1026 349 urbis

110 363 220 432 jubent:
251 362 412 430 hospitaliter
437 363 533 415 deinde
559 375 684 432 exceptos
709 379 857 430 gravesque
884 365 975 432 epulis
997 375 1024 418 et

111 448 203 484 somno
232 431 391 499 intempesta
420 443 495 484 nocte
524 432 607 484 adorti
635 434 829 483 interimerunt.
866 433 1024 487 Alexander

111 501 180 553 haud
203 517 287 568 secus,
309 518 388 568 quarn
411 512 541 569 parerat,
563 512 656 566 motus,
678 502 772 552 urbem
791 517 888 552 corona
909 503 1022 565 circum·

111 569 191 638 dedit,
202 570 376 638 munitiorem,
388 588 467 638 quam
478 580 505 622 ut
519 572 601 638 primo
614 571 713 637 impetu
727 570 785 637 capi
799 581 895 638 posset.
929 572 1022 650 ltaque

110 639 277 706 Meleagrum
297 648 323 690 et
342 639 495 692 Perdiccam
514 640 539 691 iri
561 638 724 691 obsidionem
745 639 839 710 jungit.
858 640 1021 710 Cyropolim,

111 716 221 760 utente
242 707 342 760 dictum
366 711 425 775 est,¹
450 708 609 761 obsidentes.
647 708 776 760 Statuerat
795 719 889 760 autem
911 726 1021 777 parcere

111 776 170 830 urbi
190 776 312 830 conditae
335 795 351 828 a
371 778 445 846 Cyro,
467 777 564 846 quippe
589 794 637 829 non
662 777 743 829 alium
768 778 890 843 gentium
915 779 1021 833 illarum

111 848 198 914 magis
208 847 353 899 admiratus
365 856 412 912 est,
426 864 506 915 quam
525 847 595 898 hunc
612 863 703 913 regem
721 857 747 897 et
759 845 942 915 Samiramim,
955 865 1021 916 quos

112 924 139 968 et
162 917 344 984 magnitudine
367 917 449 968 animi
472 924 499 967 et
521 916 640 967 claritate
664 932 751 967 rerum
774 915 851 981 louge
872 916 1021 970 emicuisse

111 985 245 1038 credebat.
282 986 405 1038 Ceterum
429 986 574 1054 pertinacia
597 984 785 1053 oppidanorum
807 986 873 1036 iram
897 985 960 1053 ejus
978 1004 1020 1038 ac·

111 1055 210 1107 cendit.
246 1055 338 1122 ltaque
357 1062 462 1122 captam
479 1055 572 1106 urbem
591 1053 665 1122 diripi
683 1052 761 1121 jussit
777 1064 803 1105 et
815 1052 912 1106 deleri.
951 1055 1020 1109 Tum

111 1123 278 1176 Memacenis
288 1123 358 1176 haud
369 1124 463 1192 injuria
473 1122 583 1174 infestus
594 1123 627 1174 ed
640 1123 808 1189 Meleagrum
820 1130 848 1173 et
860 1123 1020 1178 Perdiccam

111 1193 186 1244 redit.
223 1192 274 1246 Sed
293 1209 343 1244 non
361 1193 413 1244 alia
430 1193 491 1244 urbs
504 1192 595 1244 fortius
606 1191 769 1244 obsidionem
782 1190 857 1242 tulit:
877 1193 982 1262 quippe
993 1203 1020 1247 et

110 1262 226 1314 militum
238 1263 424 1331 promptissimi
440 1261 568 1327 cecidere,
582 1270 609 1312 et
627 1261 683 1329 ipse
703 1277 748 1312 rex
762 1260 796 1312 ad
809 1259 938 1314 ultimum
954 1264 1019 1332 peri·

110 1331 201 1383 culum
215 1331 295 1382 venit.
325 1332 448 1397 Namque
460 1330 561 1383 cervix²
573 1331 631 1398 ejus
642 1347 705 1382 saxo
718 1330 755 1381 ita
767 1330 818 1381 icta
830 1339 878 1397 est,
893 1341 925 1382 ut
937 1332 1022 1385 oculis

110 1400 224 1466 caligine
236 1400 322 1451 offusa
333 1399 514 1466 collaberetur,
528 1417 561 1450 ne
574 1399 670 1450 mentis
682 1399 788 1466 quidem
802 1414 930 1466 compos,
946 1417 1021 1455 exer·

109 1468 180 1520 citus
192 1477 263 1520 certe
276 1468 347 1519 velut
366 1478 454 1535 erepto
473 1485 503 1519 eo
522 1468 659 1533 ingemuit.
696 1467 746 1520 Sed
760 1468 875 1519 invictus
886 1470 1021 1523 adversus

111 1552 149 1603 ea,
169 1553 238 1602 quae
258 1545 360 1587 ceteros
378 1544 482 1601 terrent,
502 1538 616 1588 nondum
637 1546 774 1604 percurato
791 1536 911 1606 vulnere,
931 1540 1021 1593 acrius

110 1604 238 1656 obsidioni
251 1602 352 1671 institit,
367 1605 511 1656 naturalem
525 1605 688 1658 celeritatem
701 1606 737 1656 ira
749 1606 907 1658 concitante.
942 1608 1022 1663 Cuni-

110 1672 169 1725 culo
182 1689 244 1741 ergo
257 1672 368 1727 suffossa
380 1675 484 1726 moenia
495 1675 589 1741 ingens
601 1675 735 1727 nudavere
748 1675 871 1744 spatium,
885 1692 937 1743 per
949 1678 1022 1746 quod

111 1742 208 1810 irrupit,
222 1742 356 1810 victorque
368 1743 459 1795 urbem
473 1743 538 1795 dirui
551 1743 634 1812 jussit.

145 1817 186 1864 28.
207 1812 274 1864 Hinc
292 1812 483 1865 Menedemum
503 1830 565 1864 cum
584 1813 620 1864 lll
639 1812 744 1865 milibus
756 1811 875 1880 peditum
888 1822 918 1866 et
932 1815 1022 1870 DCCC

110 1882 244 1950 equitibus
267 1880 299 1933 ad
326 1881 418 1934 urbem
442 1881 604 1933 Maracanda
629 1882 709 1934 misit.
745 1881 914 1949 Spitamenes
937 1893 1021 1938 trans·

111 1950 172 2017 luga
192 1952 320 2019 praesidio
341 1950 517 2003 Macedonum
544 1951 605 2002 inde
628 1950 740 2018 dejecto,
762 1951 843 2002 muris
864 1951 942 2004 urbis
962 1953 1023 2023 ejus

111 2020 249 2071 incluserat
270 2037 306 2086 se,
328 2020 398 2072 haud
420 2020 556 2088 oppidanis
579 2019 718 2072 consilium
741 2019 899 2072 defectionis
926 2039 1022 2092 appro-

109 2087 241 2139 bantibus.
277 2089 355 2156 Sequi
374 2099 462 2141 tamen
476 2088 639 2154 videbantur,
653 2090 713 2156 quia
729 2088 866 2156 prohibere
879 2105 933 2142 non
948 2101 1021 2160 pote·

111 2165 175 2206 rant.
211 2157 318 2208 Interim
332 2157 483 2209 Alexander
501 2159 533 2209 ad
547 2158 658 2208 Tanaim
676 2175 784 2209 amnem
802 2157 877 2224 redit,
891 2168 921 2210 et
935 2177 1020 2228 quan-

111 2231 167 2276 tum
179 2224 227 2275 soli
239 2235 431 2292 occupaverant
443 2227 542 2292 castris,
557 2243 631 2278 muro
644 2225 824 2278 circumdedit.
861 2227 907 2279 LX
920 2230 1020 2299 stadio·

109 2310 168 2346 rum
192 2294 262 2346 urbis
285 2311 375 2346 murus
398 2293 462 2346 fuit:
488 2293 555 2346 hanc
579 2312 682 2364 quoque
708 2295 800 2347 urbem
823 2295 1021 2352 Alexandriam

109 2362 235 2432 appellari
258 2363 355 2432 jussit.³
394 2365 465 2432 Opus
490 2372 560 2416 tanta
584 2364 717 2416 celeritate
741 2364 888 2432 perlectum
914 2377 967 2436 est,
993 2377 1022 2422 ut

108 2431 213 2484 decimo
231 2432 343 2500 septimo
361 2433 412 2501 die,
430 2449 510 2500 quarn
528 2434 694 2485 munimenta
712 2433 827 2485 excitata
845 2444 931 2503 erant,
948 2446 1021 2490 tecta

106 2517 213 2570 quoque
233 2503 304 2555 urbis
322 2501 527 2554 absolverentur.
565 2504 659 2570 lugens
672 2502 786 2554 militum
798 2511 938 2557 certamen
952 2507 1022 2558 inter

110 2570 180 2638 ipsos
203 2572 295 2640 suerat,
317 2581 345 2624 nt
366 2589 442 2623 suum
466 2572 576 2640 quisque
601 2589 697 2623 munus
717 2572 789 2641 (narn
810 2571 929 2625 divisum
951 2581 1021 2645 erat)

109 2639 209 2707 primus
232 2641 387 2693 ostenderet.
426 2641 529 2692 lncolae
554 2657 636 2692 novae
660 2640 716 2693 urbi
741 2639 795 2692 dati
819 2641 928 2709 captivi,
952 2661 1022 2713 quos

110 2706 210 2758 reddito
229 2711 310 2776 pretio
326 2709 441 2761 dominis
454 2709 581 2778 liberavit,
594 2727 704 2777 qnorum
717 2710 813 2778 posteri
826 2727 897 2762 nunc
909 2728 1021 2782 quoque

109 2778 170 2894 non?
182 2778 250 2844 apud
265 2795 310 2830 eos
323 2789 375 2830 tam
390 2778 466 2844 longa
478 2788 566 2830 aetate
578 2789 682 2847 propter
699 2779 853 2831 memoriam
867 2779 1021 2834 Alexandri

109 2858 158 2895 exo
170 2855 287 2898 everunt.

139 2955 145 2975 ¹
158 2948 179 2995 It
196 2949 239 2996 has
255 2953 316 2998 been
332 2952 410 2999 stated
423 2952 504 3000 before
516 2954 566 3000 that
580 2953 706 3012 Cyropolis
717 2969 768 2999 was
779 2954 903 3020 besieged,
916 2955 964 3002 but
977 2969 1020 3004 not

109 3006 160 3054 that
173 3007 240 3054 these
253 3020 301 3056 two
310 3010 368 3057 with
378 3011 440 3058 their
452 3012 581 3071 regimento
592 3011 708 3071 belonged
717 3022 743 3058 to
751 3012 792 3059 tlre
804 3013 932 3080 besieging
942 3014 1019 3063 soree.

137 3073 145 3095 ⁸
159 3066 217 3114 ‘His
228 3067 308 3125 neck!
342 3068 370 3115 In
382 3069 467 3117 Cicero
483 3070 529 3118 and
545 3071 585 3117 rhe
599 3071 684 3118 earlier
695 3070 767 3118 Latin
778 3070 876 3119 authors
888 3071 938 3119 this
951 3074 1021 3123 word

109 3125 130 3174 is
141 3125 197 3185 only
208 3126 267 3173 used
278 3126 302 3173 in
313 3125 354 3174 the
365 3128 451 3186 plural,
464 3144 525 3176 even
536 3128 571 3177 lor
581 3145 626 3177 one
637 3129 707 3177 neck.

138 3189 147 3212 ³
158 3183 282 3250 Certainly
292 3185 317 3233 in
333 3185 373 3233 the
390 3186 586 3246 neighbourhood
601 3187 629 3236 of
641 3188 721 3235 where
734 3187 861 3248 Cyropolis
874 3188 922 3237 had
933 3191 1018 3249 stood,

109 3242 155 3291 aud
164 3244 223 3291 built
232 3244 268 3292 for
276 3244 316 3291 the
326 3260 392 3292 same
401 3260 517 3303 purpose3
531 3247 635 3306 uumely,
646 3257 671 3294 to
679 3263 762 3295 secure
771 3248 812 3295 the
821 3248 913 3306 empire
919 3251 1020 3317 against

108 3302 149 3350 the
160 3302 255 3350 inroads
266 3302 294 3350 os
306 3303 346 3350 the
363 3304 472 3352 nornadic
487 3306 561 3354 tribes
577 3306 672 3366 beyond
684 3306 725 3352 the
737 3306 856 3354 Jaxartes.
889 3307 956 3356 Thts
968 3308 1020 3371 city

107 3374 158 3407 was
170 3361 246 3409 called
257 3365 289 3422 by
300 3363 340 3408 tha
354 3362 448 3410 Greeks
462 3364 619 3413 ‘Alexandria
629 3381 661 3413 on
671 3364 713 3413 the
725 3365 832 3413 Tanais'

135 3423 144 3446 ⁴
154 3420 195 3466 An
204 3421 307 3469 unusual
317 3422 465 3479 expression,
477 3421 514 3470 for
524 3423 604 3471 which
614 3441 645 3472 ne
654 3440 718 3473 uano
727 3426 819 3485 quidm
829 3424 851 3472 is
861 3424 936 3475 much
948 3441 1019 3477 mora

106 3490 225 3525 common.
258 3479 376 3539 Compare
387 3480 456 3541 chap.
468 3484 504 3539 23,
517 3484 549 3530 ad
556 3484 603 3544 fin.
