2274 3772
147 175 202 231 ltu
411 191 450 230 na
473 190 579 230 uastis
601 189 783 230 aisxiwniu.

142 316 174 349 ex
185 303 317 363 propinquo
333 300 461 363 pecuniam
474 299 604 361 Antipatro
616 299 819 360 subministraret,
829 306 921 361 quanta
933 299 1002 348 illam
1014 301 1050 348 in-

143 365 227 429 digere
248 367 407 430 cognovisset.
447 365 523 412 Probe
543 365 609 412 enim
629 369 790 426 perspexerat,
807 365 893 427 quanti
914 366 945 413 ad
966 365 1050 413 omnia

144 432 258 478 momenti
276 438 355 478 motus
372 431 442 478 istius
459 429 585 478 inclinatio
596 429 676 477 fiitura
693 437 923 492 essetquamquam
936 431 1050 492 deinceps

143 504 243 557 accepto
260 496 375 544 victoriae
395 496 481 544 nuntio
501 495 551 542 suis
570 494 683 556 operibus
701 495 727 542 id
747 495 877 543 discrimen
898 511 1050 557 comparens,

135 561 249 608 *murium
272 577 327 608 eam
350 577 456 625 pugnam
477 560 553 608 fiiisse
573 560 699 608 cavillatus
719 566 762 608 est.
794 561 908 609 Ceterum
928 560 1051 622 principia

142 627 196 690 ejus
204 626 261 674 belli
272 627 337 674 haud
348 627 496 688 improspera
504 625 707 679 Lacedaemoniis
716 625 790 674 fuere.
814 625 888 674 Juxta
895 625 1049 690 Corrhagum

143 691 304 740 Macedoniae
321 692 448 742 castellum
466 707 521 753 cum
536 689 659 752 Antipatri
677 690 794 738 militibus
811 691 936 755 congressi
948 690 1050 739 victores

142 756 287 804 extiterant:
304 762 330 804 et
340 757 376 805 rei
389 759 450 805 bene
467 755 551 819 gestae
563 755 631 803 fama
642 755 720 815 etium,
729 756 771 817 qui
787 756 911 817 suspensis
928 756 1051 812 inentibus

143 820 265 869 fortunam
277 827 453 883 spectaverant,
461 822 487 873 in
496 821 732 871 societatem'eorum
744 822 858 882 pertracti
869 828 933 869 sunt
958 819 1013 869 Una
1020 837 1051 868 ex

144 885 210 934 Eleis
221 887 375 949 Achaeisque
386 887 487 935 urbibus
498 885 595 934 Pellene
605 886 688 934 foedus
700 888 889 947 aspernabatar;
901 892 926 934 et
937 886 963 934 in
973 888 1050 934 Arca-

143 952 184 999 dia
201 951 369 1015 Megalopolis,
387 953 434 1000 fida
451 951 626 999 Macedonibus
644 952 674 999 ob
691 951 796 1014 Philippi
815 952 993 1010 memoriam,'a
1003 968 1050 1015 quo

144 1017 369 1064 beneficiisaffecta
380 1017 466 1066 fuerat
498 1016 544 1064 Sed
557 1016 619 1078 haec
636 1022 688 1064 arte
706 1017 867 1065 circumsessa
883 1017 949 1064 haud
966 1019 1049 1078 procul

123 1104 125 1109 ⁴
143 1082 264 1130 deditione
277 1083 367 1141 aberat,
378 1082 427 1130 nisi
439 1083 539 1130 tandem
551 1082 679 1143 Antipater
690 1082 847 1130 subvenisset
881 1081 906 1129 ls
923 1088 1048 1144 postquam

143 1153 222 1196 castra
234 1148 319 1196 castris
330 1148 440 1205 contulit,
451 1163 523 1209 seque
535 1162 637 1195 numero
648 1147 754 1195 militum
772 1147 866 1209 alioque
884 1154 1002 1209 apparatu
1012 1163 1050 1195 su·

142 1213 261 1275 perierem
273 1213 403 1275 conspexit,
413 1212 594 1276 quamprimum
607 1213 636 1260 de
647 1228 744 1261 summa
755 1228 834 1260 rerum
851 1213 943 1274 proelio
954 1219 1050 1261 conten·

144 1276 200 1326 dere
223 1279 322 1326 statuit:
346 1294 424 1341 neque
446 1277 636 1327 Lacedaemonii
659 1278 822 1326 detrectavere
846 1284 977 1326 certamen.
1010 1276 1050 1325 Ita

144 1345 274 1392 commissa
291 1349 330 1391 est
350 1359 438 1407 pugna,
455 1358 516 1405 quae
534 1359 585 1390 rem
605 1342 750 1404 Spartanam
770 1344 889 1407 majorem
905 1342 932 1391 in
950 1345 1048 1393 moduni

144 1408 238 1459 afflixit.
255 1409 323 1457 ¹Cum
333 1409 399 1456 enim
408 1408 528 1471 angustiis
537 1409 653 1467 locorum,
660 1408 686 1456 in
694 1408 781 1470 quibus
789 1409 948 1472 pugnabatur,
956 1407 1049 1465 confisi,

144 1475 186 1522 ubi
203 1475 267 1522 hosti
283 1474 381 1522 nullum-
392 1473 556 1521 multitudinis
574 1488 644 1520 usum
661 1473 768 1522 futurum
786 1474 924 1530 credebant,
941 1473 1049 1522 animose

144 1539 267 1602 congressi
285 1544 375 1597 essent,
391 1552 468 1599 neque
488 1535 637 1585 Macedones
657 1537 764 1602 impigre
780 1539 929 1596 resisterent,
946 1539 1048 1586 multum

144 1604 272 1668 sanguinis
290 1604 370 1652 fiisum
387 1609 429 1651 est.
462 1603 510 1650 Sed
527 1609 651 1664 postquam
664 1603 791 1666 Antipater
808 1604 930 1667 integram
947 1604 1049 1652 subinde

143 1684 244 1717 manum
255 1669 421 1717 laborantibus
432 1668 483 1716 suis
494 1669 601 1717 subsidio
613 1669 733 1726 mittebat,
745 1670 852 1731 impulsa
861 1669 1050 1717 Lacedaemoni-

143 1750 213 1782 orum
225 1734 291 1782 acies
302 1735 404 1797 gradum
416 1734 536 1796 paulisper
547 1733 636 1782 retulit.
668 1733 739 1790 Quod
751 1733 905 1796 conspicatus
914 1733 984 1798 Agis,
993 1751 1049 1782 cum

143 1800 241 1848 cohorte
253 1800 331 1864 regia,
341 1814 403 1862 quae
414 1815 444 1846 ex
455 1799 593 1848 fortissimis
604 1801 739 1858 constabat,
751 1815 776 1847 se
788 1800 815 1847 in
826 1799 946 1864 medium]

147 1945 169 1992 1.
200 1942 217 1976 ²*
253 1941 271 1976 ¹*
306 1941 324 1976 ¹*
359 1955 463 2008 pugnae
476 1938 617 2008 discrimen
635 1933 763 2008 immisit,¹
775 1939 990 2008 obtruncatisque
1003 1941 1049 2006 qui

143 2009 287 2077 promptius
310 2009 475 2078 resistebant,
500 2026 624 2077 magnam
651 2019 753 2078 partem
783 2008 898 2060 hostium
927 2010 1048 2077 propulit.

143 2078 289 2146 Coeperant
312 2078 403 2146 sugere
427 2078 544 2146 victores,
570 2089 597 2130 et
620 2077 704 2131 donec
727 2077 831 2130 avidius
854 2086 997 2146 sequentes
1020 2079 1048 2130 in

142 2146 251 2216 planum
264 2145 406 2216 deduxere,
419 2147 496 2198 inulti
514 2147 659 2200 cadebant:
679 2146 726 2199 sed
745 2156 774 2199 ut
791 2148 905 2216 primum
924 2147 1006 2214 locus,
1022 2149 1046 2199 lit

143 2232 195 2286 quo
213 2224 281 2266 stare
299 2225 412 2284 possent,
426 2215 483 2285 init,
496 2216 589 2284 aequis
601 2216 700 2269 viribus
718 2217 873 2269 dimicatum
892 2224 941 2268 est.
977 2216 1049 2268 luter

143 2301 236 2338 omnes
259 2293 349 2336 tamon
372 2284 597 2338 Lacedaemonios
616 2302 662 2338 rex
682 2286 823 2352 eminebat,
843 2301 896 2338 non
915 2301 1049 2338 armorum

143 2354 221 2408 modo
240 2362 267 2406 et
284 2353 398 2424 eorporis
416 2354 512 2423 specie,
526 2353 574 2408 sed
593 2355 674 2407 etiam
692 2355 875 2424 magnitudine
893 2355 984 2424 animi,
997 2371 1048 2424 quc

143 2442 194 2479 uuo
207 2424 275 2476 vinci
294 2440 345 2476 nori
362 2425 453 2493 potuit.
478 2423 611 2493 'Undique
631 2441 700 2476 nunc
717 2424 875 2493 comminus,
893 2441 964 2476 nunc
981 2425 1048 2476 emi-

143 2495 202 2546 uus²
219 2494 364 2572 petebatur,
383 2493 483 2563 diuque
502 2510 577 2546 aima
594 2493 791 2564 circumferens,
810 2494 863 2546 alia
882 2493 936 2545 tela
953 2493 1048 2563 clypeo

143 2564 298 2633 excipiebat,
317 2564 434 2633 corpore³
454 2563 506 2616 alia
525 2563 640 2616 vitabat:
662 2563 746 2616 donec
769 2561 846 2615 hasta
866 2562 966 2615 femina
989 2579 1047 2632 per·

172 2717 245 2764 ¹'1'he
260 2718 391 2778 beginning
403 2718 432 2766 of
444 2719 484 2766 the
495 2719 560 2766 sixth
577 2718 642 2767 book
657 2719 678 2766 is
694 2718 749 2767 lost.
781 2719 889 2775 Curtius,
903 2734 930 2767 as
944 2718 976 2767 ha
992 2719 1047 2767 imi-

143 2777 223 2824 mated
234 2787 257 2824 at
269 2777 310 2844 the
321 2788 527 2844 commenceinent
539 2777 566 2825 of
573 2779 615 2825 the
625 2777 687 2846 fitia,
701 2778 748 2825 had
758 2779 869 2826 narrated
885 2779 942 2846 here
958 2777 990 2825 all
1007 2779 1048 2826 the

142 2834 418 2942 ‘Wltt‘lltttlttt
424 2835 741 2944 ll¹tltt⁰lt¹ttffil⁰¹⁰
753 2853 772 2944 ἒ
780 2836 1048 2944 ltttlt‘¹¹lttf¹lt

142 2895 243 3022 ¹hhhtount
251 2952 279 2999 ol
284 2953 324 3020 the
336 2967 385 3020 war
394 2951 481 3009 which,
492 2953 517 3001 in
528 2954 568 3001 the
579 2970 637 3015 year
647 2933 696 3003 nc:
702 2958 753 3012 331,
763 2956 835 3024 Agis,
846 2955 904 3016 king
915 2911 942 3002 <if
950 2911 1045 3013 spira,

142 3027 167 3060 in
178 3021 331 3080 conjunction
342 3012 400 3059 with
411 3013 503 3081 s'everal
515 3012 542 3060 of
554 3014 595 3061 the
612 3015 803 3084 Peloponnesian
814 3025 898 3071 states,
911 3013 1048 3120 undertssk

142 3079 235 3132 egsum
246 3069 287 3116 the
304 3070 462 3118 Macedonian
477 3085 633 3132 govemmant
646 3075 792 3142 (Antipater,
806 3073 947 3141 Aleaauder
958 3089 970 3120 s
981 3088 1005 3141 iti
1021 3089 1045 3121 e·

142 3128 883 3297 titblltiltttltttttiltfltgtbtttttlttb
893 3132 1046 3259 &bilbili

142 3250 168 3296 'in
178 3247 257 3295 which
269 3248 331 3308 Agis
342 3262 392 3294 was
403 3247 513 3296 defeated
529 3249 575 3296 and
591 3262 660 3298 sain.
691 3251 746 3299 The
762 3253 857 3311 subject
873 3250 900 3299 os
911 3252 1008 3300 immisit
1024 3267 1046 3299 is

135 3307 209 3394 Agis,
223 3307 304 3366 object
315 3323 372 3376 sem

176 3364 227 3411 See
236 3376 297 3414 note
307 3377 334 3414 at
345 3382 378 3415 iii.
387 3370 425 3417 te.

147 3423 161 3449 ³
172 3421 228 3482 ‘By
235 3425 278 3475 liis
290 3426 385 3492 bodm'
398 3428 451 3480 tbat
463 3428 496 3489 is,
512 3429 562 3491 ‘by
573 3437 743 3479 amusement
751 3427 778 3478 oi
787 3427 916 3487 niebuhr?
