2274 3772
410 223 412 226 >
469 202 560 241 ursan
581 201 632 240 vrr.
953 180 1008 250 rot

97 319 152 367 tarn
164 311 291 380 barbaris,
301 328 382 380 quarn
392 310 585 364 Macedonibus
597 318 701 377 gratum
714 307 905 378 spectaculum.
936 307 1008 361 Turn

97 383 270 453 Spitamenes,
285 383 318 435 Et
339 391 371 449 te,
386 381 478 451 inquit,
493 391 519 431 et
540 381 665 448 Dareum,
679 396 755 446 reges
775 395 856 447 meos,
875 377 953 446 ultus,
967 377 1007 431 iu·

97 452 265 505 terfectorem
281 451 381 504 domini
399 451 439 502 sui
457 449 563 517 adduxi,
577 466 608 500 eo
627 448 705 501 modo
723 459 838 517 captum,
852 447 928 516 cujus
949 448 1007 515 ipse

97 523 162 575 fecit
179 521 342 590 exemplum.
379 523 403 572 A
424 519 490 571 eriat
508 520 540 571 ad
566 519 617 570 hoo
642 519 823 587 spectaculum
847 518 938 570 oculos
956 517 1007 569 Da·

98 609 165 644 reus.
204 592 306 644 Existat
317 590 352 643 ab
373 538 471 656 indibria,
485 590 530 658 qui
551 589 595 640 illo
616 587 746 657 supplicio
767 587 889 655 indignus
909 587 966 655 luit,
980 593 1007 639 et

97 661 148 714 hoo
166 661 256 713 solatio
269 660 365 727 dignus
378 668 427 710 est.
464 658 622 727 Alexander,
638 658 750 709 multum
764 657 911 709 collaudato
923 657 1007 725 Spita·

98 747 185 800 mene,
199 746 343 783 conversus
354 729 387 780 ad
402 729 521 796 bessum,
534 728 622 796 CujuS,
637 728 730 796 inquit,
744 727 816 778 serae
830 728 917 779 rabies
929 736 1007 778 oceu-

97 801 168 869 pavit
180 800 298 852 animum
312 809 395 865 tuum,
410 816 471 850 curn
485 815 576 864 regem
588 797 622 849 de
641 805 667 848 te
685 797 784 864 optime
798 798 924 849 meritum
936 796 1008 864 prius

98 869 206 940 vincire,
226 868 322 921 deiude
347 869 469 919 occidere
493 867 660 919 sustinuisrit
696 866 746 918 Sed
771 866 852 936 hujus
875 865 1007 934 parricidii

98 940 253 991 mercedem
272 938 338 989 salso
359 940 427 1005 regis
448 937 554 988 numine
574 937 739 1005 persolvisti¹
776 937 815 988 lb'r
834 935 878 988 ille
903 934 1009 987 facinus

98 1025 209 1078 purgare
223 1024 273 1059 nun
286 1024 373 1074 ausus,
389 1008 456 1074 regis
475 1008 581 1058 titulum
599 1023 628 1057 se
647 1008 783 1075 usurpare²
801 1007 876 1072 dixit,
897 1015 925 1058 ut
944 1023 1008 1072 gen·

99 1090 154 1131 tem
167 1095 242 1128 suam
256 1076 359 1129 tradere
378 1077 428 1144 ipsi
447 1078 543 1145 possit:
562 1077 607 1144 qui
627 1077 648 1126 si
667 1077 805 1146 cessasset,8
822 1075 906 1127 alium
925 1074 1008 1126 fuisse

99 1164 211 1214 reguum
242 1156 439 1214 occupaturum.
483 1147 517 1198 Et
547 1144 698 1198 Alexander·
727 1145 868 1212 Oxathren,
900 1145 1007 1196 fratrem

99 1215 186 1283 Darei,
206 1233 288 1284 quem
306 1217 374 1268 iuter
391 1216 505 1284 corporis
523 1215 646 1268 custodes
665 1214 789 1280 habebat,
809 1215 915 1283 propius
932 1213 1009 1282 jussit
1099 1252 1102 1265 .

99 1287 235 1354 accedere,
256 1286 377 1355 tradique
402 1287 511 1338 Bessum
537 1287 569 1352 ei,
595 1294 623 1336 ut
648 1287 719 1337 cruci
744 1285 855 1338 affixum
880 1284 1010 1336 mutilatis

99 1355 205 1407 auribus
224 1355 383 1424 naribusque
404 1357 505 1424 sagittis
526 1355 686 1422 configerent
705 1354 817 1422 barbari,
831 1363 1009 1407 asservarent·

99 1441 151 1493 que
164 1442 264 1494 corpus,
276 1435 303 1477 ut
313 1443 346 1476 ne
359 1442 424 1477 aves
435 1425 545 1494 quidem
557 1427 747 1492 contingerent.
777 1423 908 1478 Oxathres
920 1433 1010 1476 cetera

99 1495 147 1547 sibi
161 1512 240 1547 curae
254 1494 308 1547 lore
327 1495 479 1563 pollicetur:
500 1513 564 1547 aves
583 1512 632 1547 nou
651 1494 686 1547 ab
703 1496 763 1562 alio,
777 1512 858 1564 quam
871 1511 888 1545 a
900 1494 1008 1562 Catone,

99 1582 175 1634 posse
196 1565 327 1634 prohiberi
347 1565 446 1633 adjicit,
466 1565 593 1618 eximiam
613 1564 671 1633 ejus
688 1576 772 1617 artem
791 1567 903 1634 cupiens
921 1574 1007 1616 osten·

99 1634 178 1686 dere:
200 1652 315 1703 namque
336 1636 403 1686 arleo
423 1645 494 1686 certo
515 1635 568 1686 ictu
590 1634 732 1687 destinata⁴
754 1634 873 1702 feriebat,
895 1642 925 1686 ut
944 1650 1010 1686 aves

98 1721 203 1774 quoque
223 1706 377 1773 exciperet.⁵
412 1705 481 1756 Nam
502 1705 524 1756 si
545 1705 651 1756 forsitan
672 1704 812 1773 sagittandi
834 1715 889 1756 tam
910 1703 1010 1756 celebri

98 1791 147 1826 usu
168 1775 255 1826 minus
273 1773 438 1829 admirabilis
453 1774 535 1825 videri
554 1791 597 1824 ars
614 1773 682 1826 haec
701 1773 801 1843 possit,⁶
813 1783 902 1826 tamen
916 1775 1010 1840 ingens

98 1843 246 1895 visentibus
264 1843 430 1910 miraculum,
450 1860 599 1911 magnoque
617 1842 706 1895 honori
727 1844 819 1895 Caleni
841 1843 897 1895 suit.
935 1843 1010 1895 Dona

98 1912 195 1964 deinde
214 1912 346 1981 omnibus,
364 1914 408 1991 qui
427 1912 538 1964 Bessum
557 1911 730 1978 adduxerant,
747 1912 809 1964 data
828 1920 897 1964 sunt.
934 1913 1010 1964 Cete-

97 1997 155 2033 rum
175 1981 333 2051 supplicium
353 1998 412 2052 ejus
430 1982 538 2049 distulit,
552 1990 624 2032 uteo
637 1981 701 2050 loco,
715 1982 740 2034 in
754 1998 806 2050 quo
823 1983 940 2034 Dareum
952 1984 1011 2051 ipse

98 2051 239 2119 occiderat,
253 2058 400 2102 necaretur.

133 2126 172 2173 25.
193 2120 296 2173 lnterea
308 2120 479 2188 Macedones,
493 2119 526 2172 ad
541 2119 685 2189 petendum
697 2120 825 2191 pabulum
838 2121 925 2173 iuoorn
944 2121 1010 2174 osito

97 2191 203 2257 agmine
222 2190 329 2258 egressi,
342 2207 358 2242 a
371 2190 494 2258 barbaris,
508 2190 552 2259 qui
570 2189 604 2242 de
623 2191 747 2258 proximis
767 2191 899 2243 montibus
936 2207 1010 2244 ecur-

98 2269 193 2330 rerunt,
207 2259 395 2328 opprimuntur,
414 2260 554 2328 pluresque
570 2262 640 2328 capti
658 2270 718 2313 sunt
737 2278 817 2329 quam
835 2260 932 2312 occisi:
952 2261 1010 2313 bar·

98 2329 154 2382 bari
177 2339 266 2382 autern
291 2329 420 2397 'captivos
442 2345 559 2398 praese
583 2340 701 2399 agentes,
728 2347 816 2383 mreus
841 2330 867 2382 in
891 2341 1010 2384 montem

98 2407 271 2452 recesserunt.
308 2399 356 2451 XX
374 2399 447 2450 milia
465 2399 700 2452 latronum⁷eraut.
737 2398 840 2452 Fundis
853 2399 1010 2469 sagittisque

127 2506 134 2528 ¹
146 2506 151 2526 ‘
162 2500 235 2568 'l'hou
247 2499 437 2570 hastbestowed
453 2517 516 2560 upon
528 2493 621 2570 thyself
629 2503 749 2583 (ppoperly
763 2502 852 2561 ‘paid'l
864 2502 905 2549 the
916 2502 1010 2552 reward

96 2559 666 2727 Zatchplllpzdlmllldrahbdlbeedfllrlrerdmdldddfdlddlgof
683 2621 724 2668 the
745 2621 799 2668 title
820 2619 848 2668 cf
865 2619 933 2682 king,
952 2621 1010 2682 only

125 2694 159 2732 a,
211 2694 232 2725 c.
392 2719 393 2723 ,

125 2737 289 2796 ⁸Equivatent
298 2746 323 2785 to
331 2755 385 2785 acm
393 2739 417 2786 si
425 2739 474 2800 ipse
481 2748 601 2788 cessasset.
630 2739 686 2787 The
696 2739 795 2787 relative
805 2741 847 2800 goi
854 2755 911 2798 may
919 2739 1009 2802 belong

96 2805 131 2852 to,
145 2796 191 2844 and
202 2796 263 2844 have
275 2797 306 2845 its
317 2799 375 2844 verb
387 2797 412 2844 in
428 2798 505 2847 either
522 2799 563 2846 the
582 2797 634 2846 first
652 2814 679 2846 or
696 2799 795 2854 second,
809 2815 835 2847 as
847 2799 903 2846 well
922 2816 948 2847 as
966 2800 1008 2849 the

96 2855 161 2903 third
163 2871 266 2962 ,person
299 2857 363 2903 Here
375 2857 440 2904 what
456 2859 478 2906 is
494 2859 534 2904 the
552 2858 615 2906 third
631 2873 718 2917 person
733 2859 757 2905 in
774 2858 815 2906 the
830 2860 906 2907 oratur
916 2861 1008 2920 οόἱίᾳιια

96 2915 162 2962 woul
189 2915 250 2963 have
262 2916 324 2963 been
335 2916 375 2963 the
387 2915 439 2963 first
451 2917 475 2964 in
487 2917 527 2964 the
539 2916 615 2964 direct
631 2917 735 2976 speech;
756 2916 806 2965 ‘for
821 2917 842 2965 is
854 2917 866 2965 1
882 2917 929 2966 had
945 2920 1007 2967 boen

96 2973 212 3080 dilapsa,
222 2975 322 3081 pnpthcr
333 2975 414 3080 wtould
426 2976 488 3082 hapa,
498 2976 580 3024 seized
591 2976 632 3023 the
643 2977 820 3036 govemment!

214 3050 228 3081 a
266 3050 342 3082 ewas
363 3050 479 3082 omma.

126 3100 134 3123 ¹
146 3093 226 3141 ‘That
238 3093 267 3149 is,
281 3093 311 3141 he
322 3093 392 3141 could
404 3094 473 3154 bring
484 3094 556 3142 down
566 3094 632 3142 birds
642 3095 713 3142 when
723 3110 754 3142 cn
764 3095 806 3144 tho
818 3095 899 3156 wing.’

123 3156 133 3182 ⁸
147 3151 287 3214 ‘Although
298 3153 410 3213 perhaps,
424 3153 575 3212 considering
586 3153 627 3202 the
639 3154 747 3213 frequent
758 3155 862 3223 practice
873 3153 901 3200 of
908 3153 1008 3214 archery

96 3209 130 3266 (in
141 3210 210 3259 those
222 3212 299 3272 days),
312 3212 361 3260 this
372 3211 430 3259 slrill
441 3228 497 3271 may
508 3228 575 3260 seem
587 3212 636 3260 less
647 3214 844 3273 extraordinary.'
877 3211 914 3267 Si,
927 3228 954 3260 as
965 3212 1008 3262 the

95 3281 153 3318 next
165 3270 246 3319 clause
258 3271 278 3320 is
289 3271 429 3331 introduced
441 3273 473 3330 by
485 3281 570 3326 tamen,
584 3271 654 3320 tultos
665 3272 706 3320 the
717 3288 789 3321 sense
800 3272 828 3319 os
840 3273 894 3319 etsi.

124 3329 206 3378 'This
223 3330 244 3378 is
260 3331 301 3379 the
318 3341 379 3379 term
396 3331 488 3390 always
503 3330 600 3392 applied
616 3331 644 3380 in
660 3331 765 3381 Roman
776 3329 885 3378 uariare
895 3336 931 3393 xc
941 3323 1034 3370 reheb!

95 3387 151 3437 who
160 3388 251 3457 ,fought
263 3390 365 3439 without
375 3406 424 3454 any
434 3390 532 3454 regular
542 3400 661 3455 systema
676 3389 842 3440 incussam
850 3378 1000 3440 *buum*
1019 3388 1050 3418 “¹

88 3445 193 3506 samaa
208 3449 355 3511 ‘guerillm’
