2274 3772
421 221 423 226 ,
496 187 587 226 uranu
608 187 635 226 v.
708 159 716 177 χ
896 154 900 163 ’
962 171 1018 231 lut

113 295 204 366 lapide
228 295 352 365 quadrato
376 294 463 348 solum
489 304 599 348 stratum
622 303 670 364 est,
695 294 798 364 patiens
820 307 913 365 terrae,
937 311 1018 364 quam

114 365 197 418 altam
216 365 342 434 injiciunt,
356 373 382 416 et
395 364 518 433 humoris,
532 381 583 433 quo
601 364 685 431 rigant
703 373 800 417 terras:
819 365 939 433 adeoque
952 364 1016 417 vali·

115 434 164 486 das
180 434 285 487 arbores
303 434 431 486 sustinent
450 434 541 501 moles,
561 441 589 486 ut
607 434 710 502 stipites
728 450 819 486 earum
838 434 899 486 VIII
918 434 1017 486 cubito-

116 519 172 555 rum
194 505 307 571 spatium
326 502 499 555 crassitudine
519 510 640 571 aequent,
654 502 681 554 in
699 500 834 571 Lpedum
851 502 1018 556 altitudinem

116 572 257 642 emineant,
276 571 417 640 frugiferae
441 589 527 640 aeque
551 573 609 640 sint,
628 580 656 622 ut
677 572 698 622 si
723 580 789 623 terra
809 589 857 624 sua
876 572 1016 625 alerentur.

115 641 230 694 Etcum
252 650 369 694 vetustas
391 658 441 693 non
465 657 544 709 opera
566 641 650 692 solum
674 657 754 692 manu
771 640 848 710 facta,
869 641 915 694 sed
936 642 1018 694 etiam

114 709 199 780 ipsam
223 719 344 763 naturam
370 710 498 779 paulatim
518 708 655 762 exedendo
678 711 807 778 perimat:
834 710 900 763 haec
923 710 1016 780 moles,

133 795 183 831 uae
202 788 238 831 tot
255 779 378 832 arborum
396 779 528 831 radicibus
545 778 679 846 premitur,
692 779 809 847 tannque
821 779 936 832 nemoris
953 784 1017 850 'pon-

113 795 177 900 dere
197 857 304 900 onerata
324 858 372 917 est,
394 847 518 901 inviolata
537 849 612 900 durat
619 863 627 916 3
652 847 750 966 quippe
768 849 816 900 XX
834 848 881 902 lati
901 851 1018 917 parietes
1064 876 1067 883 ·

116 918 253 985 sustinent,
278 917 403 969 undecim
431 917 528 986 pedum
555 916 693 969 intervalo
716 916 850 987 distantes,
875 926 903 970 ut
945 916 1016 971 rocul

113 986 262 1039 visentibus
274 986 356 1038 silvae
369 986 502 1038 monnbus
520 986 574 1037 suis
591 984 730 1039 imminere
742 985 889 1039 videantur.
925 935 1016 1056 lyriae

112 1070 212 1123 regem,
234 1046 369 1123 Babylonii
394 1063 555 1123 regnantem,
576 1053 626 1106 hoc
649 1071 715 1122 opus
738 1071 797 1107 esse
820 1055 941 1108 molitum
962 1072 1016 1108 rne-

112 1125 212 1176 moriae
230 1124 360 1192 proditum
379 1133 426 1192 est,
439 1140 528 1176 amore
546 1122 664 1192 conjugis
675 1125 794 1192 victum‚¹
806 1141 874 1193 quae
887 1124 1017 1177 desiderio

112 1209 253 1245 nemorum
271 1191 447 1262 silvarumque
466 1193 493 1244 in
511 1192 701 1260 campestribus
716 1191 780 1244 locis
792 1195 877 1247 virum
889 1192 1016 1262 compulit

112 1261 301 1317 amoenitatem
315 1270 422 1314 naturae
433 1278 530 1329 genere
542 1261 621 1331 hujus
629 1261 720 1330 operis
731 1261 847 1314 imitari.f

149 1335 174 1383 6.
194 1331 295 1383 Diutius
316 1331 341 1383 iu
362 1329 412 1383 hac
432 1331 497 1383 urbe
517 1347 597 1409 quarn
618 1347 729 1399 usquam
751 1331 865 1384 constitit
886 1347 946 1383 rex:
967 1347 1016 1382 nec

112 1398 164 1452 alio
185 1399 241 1451 loco
259 1399 412 1469 disciplinae
430 1399 536 1452 militari
554 1398 639 1467 magis
656 1399 752 1453 nocuit.
788 1399 860 1454 Nihil
875 1399 945 1453 urbis
957 1399 1016 1468 ejus

113 1471 259 1537 corruptius
277 1469 397 1537 moribus,
414 1468 478 1521 nihil
497 1469 530 1521 ad
550 1469 687 1523 irritandas
704 1469 903 1539 illiciendasque
920 1469 1015 1522 immo·

112 1536 187 1589 dicas
204 1537 362 1607 cupiditates
380 1538 540 1590 instructius.
577 1537 683 1591 Liberos
695 1538 871 1607 conjugesque
884 1555 944 1591 cum
957 1538 1015 1590 hos·

112 1606 229 1675 pitibus³
251 1616 337 1676 stupro
357 1608 426 1659 coire
447 1606 524 1658 modo
544 1608 657 1676 pretium
678 1607 770 1674 flagitii
790 1608 873 1675 detur,
893 1616 1015 1677 parentes

112 1676 251 1744 maritique
271 1677 411 1744 patiuntur.
446 1676 602 1729 Convivales
624 1676 680 1728 Iudi
703 1685 757 1729 tota
779 1677 886 1730 Perside
908 1676 1016 1744 regibus

112 1744 313 1813 purpuratisque
334 1745 405 1797 cordi
429 1753 496 1813 sunt,
518 1744 656 1814 Babylonii
679 1747 797 1798 maxime
822 1747 847 1798 in
867 1746 966 1813 vinum,
988 1754 1015 1796 et

112 1831 181 1883 quae
194 1814 349 1867 ebrietatem
362 1825 512 1883 sequuntur,
526 1813 603 1866 effusi
616 1823 683 1866 sunt.
711 1814 880 1875 Feminarum
894 1814 1015 1865 convivia

112 1883 260 1936 iueuntium
281 1883 305 1935 in
330 1883 455 1952 principio
475 1881 612 1934 modestus
631 1891 672 1935 est
695 1883 806 1945 habitus,
827 1883 888 1934 dein
909 1899 1015 1944 summa

111 1969 179 2021 quae
201 1969 234 2003 ue
254 1951 370 2005 amicula
390 1961 495 2030 exuunt,
516 1951 696 2019 paulatimque
720 1951 847 2030 pudorem
868 1950 1012 2020 profanant,

111 2021 145 2073 ad
171 1969 294 2074 nitimum
317 2019 410 2090 (honos
438 2019 547 2073 aunbus
575 2020 680 2073 habitus
709 2021 772 2086 s1t⁴l
801 2020 855 2072 ima
878 2036 1015 2088 corpomm

111 2090 264 2143 velamenta
289 2089 435 2159 projiciunt.
470 2090 529 2142 Nec
555 2090 723 2150 meretricum
750 2088 799 2141 hoc
822 2088 941 2142 dedecus
964 2095 1012 2156 est,

111 2160 158 2211 sed
177 2161 364 2223 matronarum⁶
382 2160 572 2228 virginumque,
591 2158 661 2227 apud
679 2175 745 2228 quas
764 2157 884 2210 eomitast
902 2157 1015 2211 habetur

111 2227 211 2296 vulgati
237 2228 350 2297 corporis
372 2228 469 2281 vilitas.
506 2229 576 2280 Inter
599 2227 666 2280 haec
689 2228 790 2295 flagitia
813 2228 944 2297 exercitus
968 2226 1013 2279 ille

110 2297 222 2349 domitor
235 2297 314 2349 Asiae
327 2314 373 2365 per
384 2297 490 2350 XXXIV
502 2297 560 2348 dies
578 2298 718 2364 saginatus,
731 2296 766 2349 ad
784 2314 816 2348 ea
833 2313 901 2365 quae
920 2312 1014 2416 seque-

111 2366 208 2418 bantur
223 2364 375 2418 discrimiua
395 2365 464 2418 baud
484 2365 565 2419 dubie
583 2365 694 2418 debilior
708 2366 811 2419 futurus
827 2364 897 2432 fuit,⁷
914 2367 936 2416 si
956 2421 957 2425 Ἰ
974 2380 1014 2416 os·

110 2443 168 2487 tem
197 2433 339 2486 habuisset.
382 2434 514 2504 Ceterum,
544 2450 595 2502 quo
624 2435 712 2487 minus
740 2433 869 2486 damnum
898 2432 1013 2500 sentiret,

109 2502 258 2557 identidem
292 2502 470 2555 incremento⁸
505 2502 686 2555 renovabatur.
729 2503 854 2569 Namque
883 2503 1015 2570 Amyntas

110 2571 290 2631 Andromeni⁹
311 2571 345 2624 ab
368 2571 496 2640 antipatro
519 2571 699 2623 Macedonum
728 2570 847 2639 peditum
871 2586 918 2622 sex
940 2570 1015 2622 milia

73 2690 75 2695 .
109 2641 237 2694 adduxit:
265 2642 288 2694 D
310 2651 448 2710 praeterea
470 2640 591 2711 ejusdem
614 2640 720 2706 generis
743 2638 861 2707 equites:
887 2655 950 2691 cum
973 2639 1017 2692 bis

109 2711 156 2764 DC
173 2711 297 2780 Thracas,
318 2709 450 2779 adjunctis
473 2709 627 2777 peditibus¹⁰
649 2725 712 2761 suae
735 2707 822 2776 gentis
844 2708 881 2761 III
905 2708 1014 2762 milibus

109 2809 274 2816 ...mn—...u-

139 2847 146 2869 ¹
158 2841 204 2888 See
214 2841 311 2900 Zumpt,
325 2840 398 2892 tt5l.
430 2840 478 2887 We
489 2856 532 2901 say
541 2839 641 2900 merely,
656 2838 731 2889 ‘from
742 2839 796 2888 love
806 2849 833 2888 to
843 2839 881 2888 his
892 2842 986 2901 queen!

137 2900 205 2946 ²See
215 2901 297 2949 Graan.
310 2899 323 2951 b
334 2900 387 2957 375,
398 2909 453 2947 note
464 2903 485 2948 3.

138 2963 148 2987 ³
160 2959 300 3019 ‘Streugsrs
308 2959 324 3006 ι’
337 2959 473 3019 equivalent
485 2967 509 3006 to
517 2975 561 3020 per
590 2959 646 3005 rini.

138 3021 166 3085 ‘⁸‘
175 3017 248 3098 With,
256 3028 349 3077 respect
365 3030 390 3067 to
406 3017 447 3066 the
458 3033 511 3067 ears
521 3016 550 3066 of
562 2975 605 3065 qe
621 3017 705 3066 hearer
716 3024 751 3073 (or
759 3032 818 3078 eyes
828 3017 857 3066 of
868 3017 909 3067 the
920 3017 1013 3072 reeder)

108 3076 281 3183 be¹¹lilllliried
291 3135 403 3183 women!
531 3107 533 3110 Α
804 3118 806 3125 ¹
877 3129 879 3132 ⁴

136 3199 146 3223 ⁶
159 3193 310 3242 ‘Courtsous
321 3193 439 3242 conduct.'

137 3252 205 3300 'For
213 3255 313 3313 suisset.

136 3310 525 3432 :gffupplejqurssqq'gnqdqgtitqndw
553 3369 641 3419 suitive
661 3385 702 3419 see
716 3370 796 3420 Grave
808 3370 822 3422 b
833 3372 861 3418 63

109 3385 279 3541 ὀζΡεΞἝιῖε
288 3405 450 3536 ξοὲοηεῑωοᾱ
461 3428 520 3477 with
529 3385 570 3478 tbe
578 3405 724 3494 quing'entis,
734 3438 776 3479 not
786 3428 829 3478 tha
838 3405 945 3478 ouon
965 3426 1019 3475 See

145 3504 190 3537 cnr.
269 3521 276 3545 ,
331 3502 352 3536 e.
