2274 3772
120 180 179 237 268
388 193 427 235 nn
451 194 559 235 ouans
581 194 764 235 anaxannar.

121 307 217 376 secero,
229 303 382 374 viderisque
394 320 439 356 me
458 303 487 357 in
506 303 596 357 medio
608 303 700 357 ardore
716 301 879 370 certaminis,
893 303 957 373 ipse
970 305 1045 360 dex·

121 387 191 429 trum
214 375 312 444 move,¹
336 382 363 426 et
383 373 497 427 turbatis
514 373 590 442 signa
610 372 687 427 infer.
723 374 763 425 Tu
787 372 938 440 Antigene²
955 385 987 429 et
1010 385 1042 431 tu

120 447 262 515 Leonnato,
282 453 309 497 et
327 445 439 513 Tauron,
459 443 626 497 invehemini
644 442 672 495 in
690 443 810 496 mediam
827 442 928 512 aciem,
942 454 973 498 et
995 463 1041 500 ur·

119 515 217 585 gebitie
233 514 357 567 frontem.
393 513 493 566 Hastae
510 522 614 566 nostrae
633 513 792 583 praelongae
810 521 836 564 et
849 512 960 566 validae
983 532 1040 571 non

119 585 186 638 alias
203 583 288 652 magis
305 599 386 652 quam
404 582 532 636 adversus
549 582 643 635 beluas
660 592 829 650 rectoresque
846 599 942 636 earum
970 587 1040 641 usui

119 671 178 708 esse
190 661 328 724 poterunt:
341 652 478 705 deturbate
491 668 544 721 eos,
553 653 600 722 qui
611 652 750 720 vehuntur,
760 662 787 703 et
800 651 871 720 ipsas
881 653 1037 709 confodite.

121 725 227 794 Anceps
243 739 328 791 genus
345 722 435 775 auxilii
453 729 501 791 est,
514 729 541 773 et
553 722 578 774 in
591 739 655 775 suos
665 722 753 775 aerius
765 720 835 773 furit.
870 722 901 775 In
921 722 1036 781 hostem

118 793 189 846 enirn
202 793 321 862 imperio,
335 791 361 844 in
375 808 437 844 suos
452 807 548 860 pavore
560 792 653 860 agitur.
688 791 764 843 Haec
780 790 900 844 elocutus
911 793 1036 849 concitat

118 879 216 932 equum
236 863 352 931 primus,
374 860 491 931 jamque,
512 868 541 913 ut
563 861 727 914 destinatum
749 869 813 927 erat,
832 861 969 915 invaserat
992 881 1036 917 or·

33 958 35 963 ·
118 931 194 985 dines
216 930 340 1000 hostium,
364 947 427 983 cum
451 931 555 983 Coenus
577 930 678 998 ingenti
701 930 729 983 ri
752 930 778 982 in
802 929 922 983 laevum³
944 948 1034 988 cornu

118 1000 257 1054 invehitur.
294 1000 413 1055 Phalanx
435 1016 541 1070 quoque
563 999 684 1053 mediam
713 999 837 1053 Indorum
860 1001 949 1054 aciem
975 1019 1034 1058 uno

118 1070 219 1140 impetu
231 1071 354 1140 perrupit.

151 1145 193 1194 49.
213 1142 249 1194 Ar
273 1140 363 1210 Porus,
387 1155 440 1209 qua
463 1137 582 1207 equitem
602 1137 694 1191 invehi
716 1148 843 1207 senserat,
862 1137 958 1192 beluas
983 1143 1033 1212 agi

114 1209 206 1280 jussit:
225 1208 273 1263 sed
291 1209 397 1264 tardum
413 1217 440 1261 et
457 1223 543 1276 paene
556 1208 692 1262 immobile
703 1208 805 1262 animal
815 1224 944 1276 equorum
956 1211 1032 1264 velo-

116 1278 226 1333 citatem
243 1294 358 1359 aequare
375 1294 426 1332 non
433 1284 553 1404 onterat.
590 1279 633 1332 Ne
652 1279 809 1348 sagittarum
828 1277 939 1357 quidem
955 1280 1032 1335 ullus

116 1357 172 1402 erat
189 1349 309 1403 barbaris
320 1365 397 1401 usus.
458 1347 538 1417 uippe
555 1346 647 1417 longas
663 1355 691 1400 et
702 1363 869 1417 praegraves,
882 1348 935 1400 orsi
952 1351 1032 1419 prius

115 1419 142 1471 in
159 1426 230 1470 terra
241 1424 387 1471 statuerent
404 1432 504 1486 arcum,
517 1415 590 1471 haud
607 1417 672 1469 satis
688 1425 751 1487 apte
769 1425 796 1469 et
814 1417 955 1471 oommode
974 1419 1029 1474 irn-

115 1494 230 1557 ponunt:
250 1494 308 1539 turo
325 1487 407 1538 humo
425 1484 535 1552 lubrica,
553 1494 581 1538 et
598 1485 633 1539 ob
650 1485 678 1539 id
696 1486 861 1556 impediente
879 1492 1032 1558 conatum,⁴

115 1554 257 1608 molientes
268 1555 344 1623 ictus,
358 1554 493 1607 celeritate
511 1553 628 1607 hostium
645 1565 816 1626 occupantur.
853 1555 922 1624 Ergo
935 1567 1029 1626 spreto

115 1623 186 1693 regis
198 1623 307 1694 imperio
320 1622 469 1696 (quod-fere
487 1623 524 1690 fit,
537 1623 584 1677 ubi
602 1624 714 1678 turbatis
730 1626 819 1679 acrius
835 1634 925 1678 metus
942 1644 1031 1696 quam

115 1693 170 1747 dux
189 1693 320 1763 imperare
337 1693 442 1764 coepit),
463 1691 574 1746 totidem
596 1705 673 1746 erant
690 1695 726 1749 iro
765 1703 870 1764 ratores,
892 1705 956 1764 quot
980 1714 1029 1766 ag·

115 1763 188 1817 mina
211 1761 342 1816 errabant.
378 1761 455 1816 Alius
476 1762 587 1833 jungere
604 1764 701 1833 aciem,
720 1765 789 1817 aius
805 1763 935 1834 dividere,
955 1775 1030 1821 stare

114 1831 233 1903 quidam,
257 1840 285 1885 et
307 1831 426 1886 nonnulli
449 1831 613 1898 circumvehi
636 1841 710 1901 terga
739 1832 856 1887 hostium
885 1833 1028 1904 jubebant.

114 1901 190 1957 Nihil
213 1902 241 1956 in
259 1901 380 1956 medium
400 1901 594 1965 consulebatur.
630 1903 713 1957 Porus
730 1912 821 1956 tamen
839 1920 901 1956 curn
918 1906 1027 1975 paucis,

114 1972 211 2042 quibus
228 1982 302 2025 metu
320 1972 404 2052 potior
420 1972 506 2025 fuerat
523 1973 613 2041 pudor,
632 1972 756 2040 colligere
775 1972 913 2042 dispersos,
927 1973 1030 2029 obvius

114 2039 185 2094 hosti
204 2041 241 2094 ire
259 2051 352 2111 pergit,
365 2041 572 2121 elephantosque
583 2050 646 2094 ante
657 2059 754 2110 agmen
767 2059 873 2095 suorum
884 2042 928 2110 agi
938 2043 1028 2112 jubet.

114 2110 244 2180 Magnum
264 2109 360 2162 beluae
380 2110 497 2179 inJeoere
516 2119 649 2181 terrorem,
667 2112 840 2181 insolitusque
860 2111 954 2165 stridor
974 2130 1030 2168 non

114 2195 197 2248 equos
224 2178 311 2248 modo,
331 2187 387 2230 tam
415 2179 540 2248 pavidum
569 2179 604 2233 ad
634 2180 724 2232 omnia
752 2180 859 2249 animal,
880 2181 927 2233 sed
954 2182 1030 2237 viros

114 2264 219 2317 quoque
231 2246 389 2316 ordinesque
401 2247 559 2301 turbaverat.
595 2249 657 2303 Jam
675 2249 755 2317 fugae
773 2250 1029 2319 circumspiciebant

113 2316 203 2370 locum
225 2317 304 2388 paulo
332 2324 394 2369 ants
422 2317 552 2386 victores,
580 2335 643 2372 curn
665 2319 817 2373 Alexander
839 2320 969 2388 Agrianos
998 2335 1029 2376 et

113 2386 231 2441 Thracas
243 2384 337 2440 leviter
348 2395 469 2457 armatos,
482 2386 620 2441 meliorem
635 2390 842 2442 concursatione⁵
854 2406 934 2458 quam
953 2407 1028 2444 corn-

112 2457 202 2511 minus
212 2457 333 2526 militem,
346 2455 434 2510 emisit
451 2456 479 2510 in
496 2456 599 2510 beluas.
635 2458 773 2527 Ingentem
791 2458 820 2512 hi
837 2459 891 2512 vim
910 2459 1027 2514 telorum

113 2525 230 2596 injecere
250 2536 277 2580 et
296 2525 445 2595 elephantis
466 2534 494 2580 et
517 2527 669 2596 tegentibus
688 2544 742 2580 eos.
778 2527 897 2581 Phalanx
915 2545 1028 2599 quoque

112 2595 210 2648 instare
228 2604 378 2649 constanter
398 2595 492 2649 territis
512 2596 606 2666 coepit.
643 2596 694 2650 Sed
713 2597 822 2666 quidam
840 2596 946 2650 avidius
965 2614 1027 2668 per·

112 2665 195 2717 secuti
219 2665 313 2719 beluas
335 2665 363 2719 in
385 2673 472 2719 semet
494 2664 629 2719 irritavere
648 2665 810 2719 vulneribus.
846 2666 939 2720 Obtriti
960 2685 1027 2737 ergo

111 2732 225 2802 pedibus
242 2751 334 2789 earum
351 2735 454 2804 ceteris,
466 2743 496 2787 ut
512 2736 617 2804 parcius
633 2735 767 2805 instarent,
786 2735 861 2790 fuere
879 2735 1026 2791 documen·

140 2884 147 2908 ¹
158 2879 221 2926 ‘Put
233 2879 273 2948 the
284 2880 347 2941 right
356 2882 422 2944 wing
432 2881 460 2930 of
466 2882 507 2930 the
518 2898 606 2943 enemy
614 2883 638 2933 in
647 2884 738 2932 motion
746 2885 763 2942 ;'
775 2884 827 2933 that
839 2885 868 2942 is,
882 2885 981 2935 ‘ettaek
993 2886 1022 2945 it,

111 2938 158 2988 and
168 2937 232 2987 force
243 2948 262 2986 rt
272 2947 298 2987 to
308 2940 397 2989 retire’

139 3013 194 3061 ²As
206 3023 231 3060 to
241 3011 290 3060 this
300 3013 420 3075 nocetne,
432 3029 473 3064 see
487 3014 566 3064 Grcm.
579 3014 592 3067 b
604 3020 641 3073 70,
654 3019 676 3064 3.

139 3083 293 3145 ³According
303 3092 329 3132 to
340 3084 410 3144 what¹
417 3086 460 3134 has
471 3101 533 3148 gone
545 3086 634 3144 before,
648 3087 666 3135 it
677 3087 765 3137 should
775 3090 806 3138 be
816 3091 931 3140 dextrum.

139 3158 228 3207 “The
239 3157 314 3206 strain
321 3158 338 3215 ς’
351 3158 456 3219 namely,
470 3159 495 3207 in
504 3159 613 3221 drawing
623 3160 665 3209 the
676 3162 739 3210 bow.

138 3230 312 3280 'Concursctic
327 3229 348 3279 is
359 3229 430 3278 when
445 3240 495 3279 two
510 3232 599 3291 parties
614 3233 672 3281 rush
688 3234 829 3295 furiouslya
847 3235 909 3283 ainst
919 3251 967 3284 one
978 3253 1022 3286 an·

108 3288 192 3348 otherr
204 3293 248 3339 but
258 3290 276 3338 it
287 3288 396 3338 includes
406 3289 457 3339 also
467 3306 482 3338 a
492 3291 643 3343 tumultuous
654 3293 713 3344 rusb
723 3293 800 3352 beok3
812 3310 836 3342 w
854 3310 922 3344 ereas
933 3294 1023 3359 slight

104 3347 287 3401 bend-tohand
298 3349 319 3400 is
330 3364 344 3400 a
355 3350 446 3400 stabelis
455 3366 545 3414 pogna.
