2274 3772
139 183 195 240 lod
403 200 442 240 nii
466 200 571 241 oneris
591 200 775 240 iauxsnuai.

133 307 169 362 ad
179 307 268 377 ipsum
281 309 444 378 suppressitl
478 308 553 367 Quod
572 325 624 361 non
641 309 723 362 fnisse
734 325 840 378 vanum,
854 305 942 361 Dimni
955 304 1043 358 exitus

132 377 258 430 declarat.
306 378 437 431 Incertam
467 395 521 431 rem
551 378 676 431 deferens
705 387 835 430 tormenta
868 393 920 428 non
952 374 1043 428 timuit

132 446 284 514 Cebalinus,
304 447 409 500 Metron
432 464 466 500 ne
484 456 650 500 momentum
668 447 777 516 quidem
797 447 922 514 temporis
940 443 1044 496 distulit

132 530 276 568 exonerare
295 532 332 585 se,
346 525 374 568 ιιι
391 532 431 586 οο,
451 517 496 569 irbi
515 516 628 584 lavabar,
647 517 816 585 irrumperet:
837 514 954 568 Philotas
970 513 1044 564 solus

133 583 198 637 nihil
222 583 324 653 timuit,·
339 584 406 638 nihil
429 586 548 638 credidit.
584 586 718 654 Omagni
740 585 823 638 animi
845 582 949 637 virum!
988 581 1042 633 Iste

132 653 202 721 regis
229 653 346 723 periculo
375 655 601 708 commoreretur!
632 655 735 707 vultum
763 653 893 707 mutaret!
925 650 1043 704 indicem

132 729 222 774 tantae
251 723 288 775 rei
317 723 444 776 sollicitus
473 723 606 777 audiretl¹
648 724 743 776 Subest
773 723 908 776 nimirum²
936 719 1043 772 silentio

133 790 245 860 facinus,
258 801 285 844 et
296 792 376 845 avida
393 809 454 862 spes
471 793 543 860 regni
556 794 727 863 praecipitem
739 794 859 846 animuin
871 793 905 843 ad
918 790 1043 842 ultimum

132 859 209 913 nefas
230 861 344 930 impulit.
384 862 462 915 Pater
484 862 594 915 Mediae
617 871 730 933 praeest.
767 863 827 932 lpse
850 859 921 940 apud
944 858 1044 911 multos

131 931 266 1000 copiarum
295 930 379 984 duces
407 931 476 984 meis
504 941 661 1001 praepotens
689 931 795 1001 viribus,
824 947 930 999 maJora,
960 944 1042 997 quam

132 999 212 1068 capit,
233 1000 334 1068 spirat.³
368 999 472 1054 Orbitas
489 1017 594 1122 poaque
611 1018 680 1070 mea,
699 1001 768 1070 quod
788 1001 847 1054 sine
864 998 953 1052 liberis
972 1013 1042 1066 suin,

131 1069 270 1138 spernitur.
306 1068 357 1122 Sed
381 1078 450 1122 errat
473 1071 494 1122 P
514 1070 598 1123 ilotas.
634 1071 664 1123 ln
688 1070 762 1122 vobis
782 1070 886 1137 liberos,
907 1074 1041 1137 parentes,

130 1138 340 1205 consanguineos
351 1137 452 1193 habeo:
471 1140 547 1193 vobis
558 1139 646 1209 salvis,
659 1139 738 1192 orbus
749 1149 808 1192 esse
820 1155 871 1191 non
883 1154 999 1207 possum.

166 1212 207 1260 34.
227 1207 374 1275 Epistulam
392 1207 489 1260 deinde
511 1209 689 1262 Parmenionis
708 1210 888 1288 interceptam,
906 1223 988 1275 quam
1006 1204 1042 1257 ad

131 1276 200 1330 filios
218 1277 378 1330 Nicanorem
396 1285 423 1329 et
442 1277 573 1331 Philotam
593 1278 740 1347 scripserat,
762 1285 861 1346 recitat,
881 1275 951 1329 haud
975 1290 1042 1327 sarie

131 1345 258 1398 indicium
281 1347 408 1415 gravioris
429 1347 531 1400 consilii
554 1347 757 1415 praeferentem.
792 1346 916 1414 Namque
934 1359 1043 1397 summa

130 1414 190 1485 eJus
208 1415 276 1467 haec
293 1423 364 1467 erat:
386 1416 504 1468 Primum
523 1415 603 1468 vestri
622 1433 714 1471 curam
730 1416 808 1496 agite,
827 1415 924 1468 deinde
942 1423 1042 1466 vestm-

132 1496 204 1536 ruin:
225 1483 265 1536 sio
288 1483 362 1537 enim
384 1501 454 1553 quae
476 1484 668 1537 destinavimus
687 1485 844 1538 efficiemus.
880 1483 1042 1554 Adjeoitque

131 1568 185 1620 rex,
198 1553 238 1605 sic
256 1569 315 1605 esse
333 1552 465 1623 scriptam,
478 1563 506 1606 ut
519 1555 576 1606 eive
588 1554 622 1606 ad
634 1554 702 1607 lilios
713 1555 884 1624 pervenisset,
897 1572 914 1605 a
926 1553 1041 1605 consciis

130 1630 220 1691 posset
244 1621 363 1692 intelligi,
385 1623 441 1675 sire
464 1623 609 1693 intercepta
632 1632 710 1693 esset,
731 1623 835 1676 falleret
858 1626 969 1690 ignaros.
1005 1624 1042 1675 At

130 1691 201 1744 enini
221 1691 340 1760 Dimnus,
353 1708 416 1744 cuni
433 1700 536 1745 ceteros
554 1693 694 1763 participes
712 1693 821 1746 sceleris
831 1692 967 1760 indicaret,
980 1691 1041 1744 Phi·

130 1759 210 1814 lotam
230 1777 280 1813 non
301 1760 462 1815 nominavit!
499 1762 556 1815 Hoc
575 1762 684 1831 quidem
704 1762 775 1815 illins
794 1778 846 1814 non
867 1761 1040 1828 innocentiae,

130 1829 177 1882 sed
190 1830 323 1901 potentiae
341 1830 470 1884 indicium
487 1840 535 1901 est,
549 1831 618 1901 quod
636 1831 676 1884 sic
693 1831 728 1884 ab
746 1831 778 1884 iis
795 1832 904 1884 timetur
921 1831 1010 1900 etiarn,
1023 1846 1041 1882 a

129 1899 228 1968 quibus
247 1899 322 1969 prodi
341 1907 433 1970 potest,
455 1909 490 1969 ut,
511 1918 573 1954 cum
593 1901 675 1953 dese
696 1901 836 1970 fateantur,
852 1900 928 1954 illum
950 1909 1039 1952 taineii

129 1967 225 2021 celent.
262 1970 385 2022 Ceterum
405 1969 535 2023 Philotam
558 1971 640 2050 ipsius
656 1970 754 2023 indicat
774 1971 835 2022 vita.
872 1970 921 2022 Hic
938 1971 1039 2038 Amyn·

130 2045 182 2107 tae,
202 2039 246 2107 qui
265 2038 331 2092 inihi
348 2038 519 2092 consobrinus
536 2040 598 2092 luit⁴
615 2047 643 2091 et
659 2040 685 2092 in
704 2039 864 2092 Macedonia
881 2039 959 2109 capiti
978 2055 1040 2090 meo

129 2106 225 2177 impias
236 2108 400 2176 comparavit
417 2107 532 2177 insidias,
546 2109 646 2161 socium
665 2125 694 2161 se
712 2117 739 2161 et
757 2110 891 2162 conscium
910 2107 1038 2177 adjunxit.

131 2175 180 2228 llic
203 2176 299 2245 Attalo,
321 2192 374 2245 quo
395 2177 543 2244 graviorem
566 2177 706 2230 inimicum
724 2194 776 2231 riori
800 2178 901 2248 habui,⁶
924 2194 1040 2230 sororem

129 2261 206 2297 suain
227 2244 253 2296 iii
274 2245 467 2298 matrimonium
488 2245 572 2298 dedit.
607 2247 664 2314 Hic,
681 2264 742 2301 curn
762 2248 927 2316 scripsissem
948 2247 975 2299 ei
993 2263 1039 2315 pro

127 2313 186 2384 jure
208 2323 261 2366 tam
282 2314 420 2366 familiaris
439 2331 504 2368 usus
523 2324 603 2384 atque
621 2316 765 2385 amicitiae,
786 2316 871 2385 qualis
891 2333 947 2370 sors
967 2316 1040 2369 edita

128 2392 200 2436 esset
223 2384 298 2437 Jovie
319 2383 475 2437 Hammonis
501 2384 615 2455 oraculo,
631 2386 762 2438 'sustinuit
790 2387 934 2440 rescribere
964 2385 1038 2454 inihi,

129 2469 159 2506 se
182 2453 292 2523 quidem
314 2454 448 2525 gratulari,
473 2453 543 2523 quod
567 2455 593 2507 in
617 2471 758 2508 numerum
782 2454 894 2509 deorum
916 2465 1040 2525 receptus

206 2555 208 2557 .
218 2553 315 2560 .,-..-..

148 2606 166 2668 ,¹
178 2600 234 2690 ‘fga
248 2601 335 2650 should
346 2604 376 2650 be
387 2602 482 2658 mered,
496 2603 588 2664 change
604 2603 641 2652 his
656 2612 829 2660 countsnancs
842 2603 915 2653 listeu
925 2604 985 2652 with
995 2620 1038 2653 au-

129 2668 203 2765 112th
205 2660 300 2779 mulsere
306 2661 394 2791 fhlrrlhme
404 2661 558 2791 dxhldhation
568 2721 596 2789 of
606 2720 648 2769 the
659 2731 754 2769 matter.

158 2780 167 2804 ¹
178 2778 215 2844 As
226 2778 267 2824 tlie
278 2793 342 2826 noun
352 2789 452 2840 speruus
464 2795 484 2827 is
495 2791 635 2829 sometimes
645 2780 706 2830 used
716 2790 742 2828 to
752 2795 851 2841 express
861 2780 923 2843 lofty
933 2781 980 2830 and
990 2780 1036 2831 far·

128 2834 242 2896 reaching
253 2837 336 2896 hopes,
348 2853 377 2885 so
387 2838 444 2885 here
456 2838 496 2886 the
507 2841 573 2886 verb.

158 2893 240 2941 ⁴This
252 2897 382 2954 Amyntas,
396 2897 490 2963 theson
501 2898 529 2946 of
541 2898 678 2955 Perdiccas,
691 2913 743 2946 was
769 2898 846 2958 roperl
875 2899 1038 2949 Alexander’s

122 2955 323 3021 froterpatruelis
332 2971 348 3022 ,ᾗ
356 2956 407 3022 tliat
417 2971 445 3010 is,
456 2956 518 3025 their
526 2957 617 3025 fathers
626 2973 690 3006 were
697 2913 815 3006 brothers.
859 2961 986 3015 oasobriai,
997 2974 1037 3008 ac·

128 3011 227 3083 cording
235 3022 259 3059 to
269 3012 308 3059 the
316 3014 415 3073 original
422 3015 565 3074 application
572 3016 599 3064 of
607 3016 647 3065 the
656 3017 731 3072 word,
740 3032 779 3065 are
788 3016 829 3064 the
837 3033 895 3066 sons
902 3017 930 3066 ol
936 3019 1036 3076 sisters;

128 3083 147 3121 it
158 3071 233 3126 often,
246 3071 367 3127 however.
380 3088 508 3132 expresses
518 3076 728 3136 cousins-german
742 3076 874 3136 generally.
905 3076 961 3126 'l'he
977 3077 1036 3126 chil-

128 3131 187 3181 dien
198 3130 226 3178 of
236 3132 368 3178 mnsobrini
378 3147 417 3178 are
428 3135 517 3181 sobrini
527 3145 551 3181 ιο
562 3134 621 3181 each
632 3134 709 3182 other.

158 3198 166 3222 ⁸
177 3189 285 3238 Because
297 3190 397 3257 Attalus
408 3207 459 3239 was
470 3192 512 3240 the
522 3193 593 3240 uncle
608 3192 637 3244 of
649 3193 786 3253 Cleopatra,
799 3194 880 3243 whom
893 3194 973 3254 Philip
989 3194 1037 3244 had

128 3248 230 3298 married
238 3247 342 3296 efterhis
349 3251 484 3308 separation
491 3251 551 3299 froin
562 3252 696 3313 Olympias,
705 3254 746 3301 the
753 3253 848 3302 mother
853 3253 882 3302 of
889 3253 1037 3303 Alexander.

128 3307 191 3358 This
202 3307 302 3356 Attalus
312 3307 359 3356 liud
370 3309 469 3357 exerted
480 3310 586 3366 himself,
600 3321 648 3367 ιοο,
661 3323 686 3361 ιο
696 3311 793 3371 deprire
804 3311 945 3362 Alexander
954 3313 983 3361 of
994 3312 1037 3362 the

117 3367 263 3416 successim
275 3378 301 3416 rc
313 3366 354 3416 tlie
363 3379 524 3431 govemnient
533 3369 560 3419 of
573 3369 703 3428 Macedon,
715 3370 762 3420 aad
771 3380 796 3420 to
806 3387 891 3422 secure
903 3372 944 3421 the
954 3387 1038 3422 crowii

104 3423 303 3478 fcrrthssonof
311 3427 441 3482 hisnieoe.
1091 3445 1099 3456 ⁴
