2274 3772
501 164 593 237 mssa
613 164 653 206 rr.
990 151 1026 206 sl

121 275 180 344 ipse
203 273 361 326 lacrimaret.
398 272 437 326 Ob
461 271 529 326 haec
553 275 611 343 ipsa
633 275 749 328 amantis
765 273 873 326 animus
890 273 916 327 in
935 274 1031 328 sollici·

121 345 240 398 tudinem
260 343 489 412 suspicionemque
508 346 643 397 revolutus
660 353 709 414 est,
727 343 890 397 desiderium
907 345 1030 413 captivae

121 415 237 484 profecto
249 431 264 464 a
277 413 467 465 consuetudine
480 415 571 482 stupri¹
584 423 669 467 ortum
686 431 746 466 esse
758 413 918 482 conjectans.
955 414 1030 467 Sum-

122 484 200 536 motis
218 484 296 550 igitui
307 482 420 547 arbitris,
436 499 486 534 uno
505 483 644 536 dumtaxat
662 484 768 552 Tyriote
782 491 891 551 retento,
904 483 959 552 jam
977 501 1028 537 non

121 554 195 622 fleus,
216 553 262 605 sed
287 553 429 620 suspirans,
449 551 573 621 Videsne,
592 552 684 622 inquit,
704 553 818 622 Tyriote,
843 553 930 605 locum
955 571 1029 606 men·

120 623 197 676 dacio
215 639 265 674 non
288 621 366 673 esse?
385 630 515 673 tormenta
534 620 589 690 jam
608 621 654 674 hic
673 631 765 675 erunt:
784 621 832 675 sed
851 639 886 674 ne
905 634 1029 692 expecta·

120 693 200 745 veris²
211 709 257 760 per
271 691 343 760 deos,
357 708 379 742 sr
392 689 456 759 quid
474 692 522 745 trbr
540 699 578 744 tur
598 692 668 760 regis
686 692 861 745 reverentiae⁸
878 700 934 744 est:
955 710 1029 760 num,

120 763 189 831 quod
200 771 226 813 et
239 762 306 813 scire
319 769 423 828 expeto,
433 768 461 810 et
472 750 601 828 quaardre
613 760 702 831 pudet,
712 778 794 814 ausus
806 770 847 814 est
859 769 886 813 et
898 760 1029 832 dominus,

120 840 147 884 et
166 831 291 901 juvenisl
327 830 376 881 Ille
399 831 558 897 quaestioni⁴
575 847 669 900 corpus
686 830 789 901 offerre,
808 830 873 883 deos
891 838 974 883 testes
992 833 1029 884 in-

119 916 223 969 vocare,
237 911 309 952 caste
328 907 472 966 sancteque
491 899 610 954 habitam
627 917 686 952 esse
705 902 832 968 reginam.
868 901 989 953 Tandem
1000 910 1030 954 ut

119 971 188 1024 fides
200 970 271 1021 iacta
283 977 332 1037 est,
346 984 408 1019 vera
421 985 480 1021 esse
492 986 561 1038 quae
579 970 723 1033 affirmaret
741 970 830 1040 spado,
842 969 929 1038 capite
942 971 1029 1023 velato

120 1040 167 1092 diu
185 1040 267 1108 flevit,
288 1036 618 1106 manantibusque‘adhuc
638 1039 763 1110 lacrimis,
775 1048 852 1092 veste
872 1039 907 1092 ab
926 1055 971 1092 ore
990 1058 1029 1093 re·

119 1109 199 1179 jecta,
223 1108 256 1160 ad
284 1107 388 1159 coelum
414 1124 511 1159 manus
534 1108 653 1177 tendens,
681 1109 724 1163 Dii
750 1109 833 1180 patrii,
859 1109 951 1176 iuquit,
979 1111 1029 1178 pri·

119 1195 197 1231 mum
215 1177 280 1230 mihi
300 1176 417 1228 stabilite
435 1194 561 1245 regnum:
580 1178 687 1249 deinde,
701 1178 724 1232 si
736 1178 770 1231 de
782 1195 827 1231 me
845 1178 902 1248 jam
914 1187 1029 1232 transac-

120 1257 178 1300 tum
191 1257 239 1316 est,
253 1263 352 1317 precor,
365 1263 399 1298 ne
411 1246 472 1314 quis
483 1247 571 1315 potius
588 1248 670 1302 Asiae
689 1264 736 1301 rex
755 1248 795 1318 sit,
808 1264 891 1318 quam
910 1247 960 1301 iste
973 1259 1028 1302 tam

117 1317 206 1387 justus
217 1316 309 1385 hostis,
322 1323 378 1367 tam
390 1317 538 1368 misericors
551 1318 641 1370 victor.

154 1391 195 1438 43.
214 1387 307 1455 ltaque
323 1401 501 1456 -quamquam,
521 1385 617 1439 frustra
640 1402 706 1457 pace
724 1386 767 1439 bis
784 1386 875 1456 petita,
895 1389 983 1439 omnia
1001 1389 1027 1441 in

118 1456 219 1509 bellum
232 1454 343 1508 consilia
357 1454 530 1526 converlerat,
544 1457 631 1509 victus
648 1467 737 1510 tamen
754 1457 918 1509 continentia
935 1455 1027 1527 hostis,

117 1525 151 1578 ad
172 1542 255 1577 novas
272 1524 346 1593 pacis
365 1523 534 1578 condiciones
554 1525 678 1579 serendas
697 1527 792 1578 decern
810 1525 918 1595 legatos,
932 1543 1027 1595 cogna-

118 1605 203 1648 torum
222 1595 363 1664 principes,
382 1593 472 1648 misit:
496 1612 563 1664 quos
580 1596 739 1665 Alexander,
761 1596 870 1649 consilio
887 1597 1025 1665 advocato,

117 1665 246 1718 introduci
264 1664 349 1733 jussit.
386 1664 409 1716 E
427 1664 525 1733 quibus
548 1666 681 1718 maximus*
696 1674 767 1734 natu,
787 1666 912 1736 Dareum,
931 1666 1025 1736 inquit,

117 1743 146 1788 ut
172 1750 267 1804 pacem
285 1750 302 1785 a
320 1741 346 1785 te
372 1731 427 1801 jarn
454 1733 505 1786 hoc
529 1736 617 1788 tertio⁶
633 1743 743 1804 peteret,
762 1735 835 1787 nulla
853 1736 894 1788 vis
912 1736 1025 1804 subegit,

117 1804 165 1858 sed
190 1803 292 1874 justitia
317 1811 344 1854 et
371 1803 532 1856 continentia
558 1805 695 1874 expressit.
732 1805 856 1872 Matrem,
875 1803 1025 1874 conjugem,

116 1873 213 1927 liberos
232 1872 298 1942 ejus,
312 1872 362 1924 nisi
379 1872 450 1942 quod
469 1874 525 1925 sine
543 1873 587 1926 illo
606 1882 780 1941 assumptos
797 1890 856 1926 esse
874 1891 925 1926 non
944 1875 1026 1925 sensi·

117 1960 194 1996 mus:
213 1941 358 2011 pudicitiae
376 1959 477 2012 earum,
491 1959 560 2011 quae
579 1951 728 2012 supersunt,
747 1959 837 1995 curam
857 1942 929 1995 haud
947 1960 1027 1997 secus

115 2029 197 2083 quarn
216 2028 312 2081 pareus
329 2028 419 2081 agens,
433 2012 540 2080 reginas
557 2012 682 2081 appellas,
696 2013 816 2080 speciem
833 2013 958 2084 pristinae
976 2012 1026 2064 ior·

116 2091 196 2135 tunae
221 2081 334 2133 retinere
358 2081 465 2149 pateris.
479 2095 486 2103 ·’
501 2081 609 2136 Vultum
636 2091 710 2134 tuum
730 2081 816 2150 video,
835 2082 922 2151 qualis
945 2083 1023 2136 Darei

115 2151 174 2222 fuit,
194 2169 256 2204 cum
280 2150 478 2203 dimitteremur
500 2151 535 2204 ab
558 2168 604 2204 eo:
630 2160 657 2204 et
681 2152 726 2204 ille
749 2159 838 2204 tamen
860 2169 976 2220 uxorem,
997 2161 1025 2204 tu

115 2220 220 2274 hostem
238 2220 323 2288 luges.
359 2221 421 2274 Jam
439 2222 466 2273 in
484 2222 541 2273 acie
566 2231 657 2291 stares,
676 2221 727 2274 nisi
746 2238 809 2274 cura
828 2230 854 2273 te
873 2221 1025 2291 sepulturae

116 2289 175 2359 ejus
193 2299 346 2342 moraretur.
383 2289 486 2371 Ecquid
510 2292 608 2344 mirum
632 2301 680 2360 est,
700 2291 721 2344 si
740 2298 795 2344 taru
813 2290 848 2342 ab
865 2292 953 2342 amico
970 2291 1025 2343 aui-

115 2359 171 2412 mo⁶
182 2375 278 2428 pacem
289 2359 376 2427 petiti
395 2359 458 2428 quid
471 2377 538 2429 opus
557 2369 598 2413 est
609 2362 698 2430 armis,
718 2361 785 2411 inter
802 2376 868 2428 quos
885 2360 946 2411 odia
964 2360 1026 2413 sub·

115 2427 171 2482 lata
183 2427 263 2481 suutl
299 2430 388 2480 Antea
405 2429 516 2498 imperio
537 2438 581 2482 tuo
593 2430 676 2482 finem
695 2428 847 2481 destinabat
858 2428 908 2480 Hal
930 2446 956 2482 m
968 2446 1025 2481 am·

114 2515 186 2567 uem,
200 2499 245 2568 qui
257 2497 371 2565 Lydiam
384 2498 516 2550 terminat.
552 2496 777 2568 Nunc,'quicquid
790 2496 859 2550 inter
870 2446 1025 2568 Hellespon·

143 2640 151 2663 ¹
163 2634 250 2682 ‘Illicit
263 2633 428 2682 intercourse!

141 2699 168 2724 ⁹¹
179 2693 216 2741 Do
229 2703 271 2741 not
282 2693 339 2740 walt
352 2691 387 2740 lor
398 2693 447 2740 this
457 2692 474 2749 3'
487 2691 594 2751 namsly‚
607 2690 648 2738 the
660 2691 806 2750 application
816 2690 844 2739 os
850 2700 949 2740 tortura.
976 2692 1025 2742 For

112 2770 143 2802 ne
153 2752 214 2801 with
225 2752 267 2799 the
279 2751 369 2811 perfect
381 2752 544 2807 sub‘unctive
557 2766 598 2798 see
611 2751 710 2809 Zumpt,
724 2749 737 2803 h
749 2752 801 2799 586.

141 2812 189 2860 'Si
198 2814 257 2873 quid
268 2813 411 2881 revereptiae
421 2767 457 2861 dor
467 2813 491 2859 si
498 2826 547 2881 pua
559 2813 697 2858 reuerentia.
730 2811 777 2858 See
791 2810 870 2860 (irum.
882 2810 896 2862 l
907 2815 960 2868 275,
974 2819 1013 2866 (a).

140 2877 149 2900 ⁴
161 2872 215 2919 ‘To
226 2871 267 2918 the
277 2884 388 2930 question
397 2872 413 2928 ;’
432 2870 483 2918 that
496 2884 525 2926 ts,
539 2879 563 2917 to
576 2869 616 2917 the
628 2879 719 2917 tortura
731 2872 877 2925 (tormentis).

142 2931 242 2978 ¹‘Now
254 2929 290 2978 lor
301 2930 342 2977 the
354 2929 418 2978 third
429 2931 507 2985 time,’
540 2928 596 2976 The
612 2929 721 2977 numeral
737 2928 839 2977 adverbs
855 2930 911 2986 ino,
924 2931 1022 2989 equiva-

112 2990 162 3038 lent
174 3000 198 3037 to
210 2990 280 3038 those
292 2990 316 3037 in
328 3007 374 3045 rim,
388 3005 428 3037 are
439 2988 516 3048 really
526 2998 624 3036 neuters
636 2988 663 3036 os
675 2989 716 3036 the
728 2988 821 3037 ordinal
831 2989 963 3045 numerals,
976 2989 1023 3037 and

110 3049 359 3165 ffdddhieaddillod
367 3116 498 3167 toexpress
512 3107 589 3154 ‘now’
602 3107 649 3155 and
663 3107 752 3155 ‘theu’
781 3107 900 3166 Compare
910 3122 934 3154 x.
946 3109 982 3161 14,
992 3111 1021 3164 33

111 3167 211 3216 andsea
225 3167 397 3223 Gramthil,
411 3177 467 3215 note
481 3171 500 3214 l.

139 3226 262 3283 'Amicus
273 3226 366 3287 though
373 3225 511 3285 commonly
521 3224 581 3274 used
592 3241 619 3273 aa
628 3225 810 3294 asubstantive‚
823 3225 844 3272 is
854 3222 982 3330 originally
991 3239 1023 3273 au

110 3284 344 3346 adjectiveashere.
372 3283 633 3341 (SeeZumt‚h410).
664 3284 721 3333 Thra
729 3301 750 3333 rs
758 3284 816 3332 here
825 3282 951 3343 separated
982 3298 1023 3332 om

110 3345 292 3453 3h⁰a⁰5dje⁰tiv⁰'
305 3345 385 3394 which
396 3345 415 3392 it
426 3343 492 3405 quali
510 3359 545 3393 es.
578 3343 698 3403 Compare
708 3359 724 3392 a
733 3343 827 3392 similar
836 3357 893 3391 csse
903 3341 931 3390 os
942 3357 1021 3403 qaam,

110 3418 144 3453 tv.
186 3439 192 3452 .

236 3572 241 3581 x

289 3064 381 3096 ronoun
400 3049 424 3096 iu
441 3048 483 3096 the
502 3063 569 3095 same
586 3062 642 3097 case
659 3051 698 3096 hoc
708 3048 754 3096 and
765 3050 815 3104 illo,
828 3063 855 3096 or
865 3049 902 3096 for
913 3047 982 3095 those
999 3049 1023 3094 in
1088 3087 1090 3093 .
