2274 3772
125 201 182 259 174
389 215 428 254 ur
452 213 560 254 onsrrs
582 214 769 254 sessanum.

158 323 275 379 rturllato
299 331 326 377 et
349 334 488 376 recusante
512 323 622 376 transire
645 323 680 374 ad
704 339 775 391 eum,
798 320 916 390 Patieris,
938 319 1034 391 inquit,

164 394 291 448 metrium
313 393 427 462 mentiri,
448 409 590 461 rursusque
615 409 658 444 me
683 391 851 445 excruciari‘l
886 389 961 444 Calin
982 406 1037 444 vox

123 464 283 533 sanguisque
307 462 477 515 defecerant:
502 471 529 513 et
552 462 717 514 Macedones
739 461 870 513 Philotam
894 460 1036 528 inquinare

123 533 244 587 innoxios
260 532 323 586 ville
341 533 549 602 suspicabantur,
562 532 626 600 quia
643 548 693 583 nec
711 549 727 582 a
745 529 917 597 Nicomacho,
931 546 981 582 nec
1000 530 1037 584 ab

123 603 134 657 i
153 619 181 655 so
200 602 310 671 Philota,
329 618 391 654 cum
415 610 584 670 torqueretur,
605 601 755 654 nominatus
772 602 852 653 esset¹
869 599 1036 652 adolescens.

150 672 176 724 ui
196 680 224 724 ut
244 671 394 742 praefectos
414 671 484 738 regie
503 671 706 724 circumstantes
726 687 755 721 se
775 669 848 737 vidit,
869 669 1038 722 Demetrium

125 749 151 794 et
171 742 346 810 semetipsum
365 739 391 792 id
410 739 513 793 lacinus
533 740 664 808 cogitasse
683 739 821 791 consessus
840 739 901 790 est.2
935 738 1039 791 Omnes

125 827 187 879 ergo
204 828 221 863 a
238 809 401 863 Nicomacho
419 809 556 877 nominati,
576 825 649 862 more
686 809 757 876 atrio,
778 807 839 860 dato
863 808 944 875 signo,
964 808 1039 860 saxis

125 880 211 933 obruti
223 889 293 932 sunt.
328 880 427 947 Magno
445 895 496 932 non
511 878 613 947 salutis,
627 895 656 930 se
686 879 768 930 etiam
781 877 907 930 invidiae³
919 877 1038 945 periculo

125 949 254 1002 liberatus
271 957 327 1001 erat
340 948 498 1016 Alexander,
512 949 610 1017 quippe
629 949 767 1001 Parmenio
785 956 811 999 et
831 946 954 1015 Philotas,
968 947 1038 1015 prin-

126 1019 202 1088 cipes
219 1019 372 1087 amicorum,
392 1018 442 1070 nisi
461 1018 550 1087 palam
568 1021 664 1086 sontes3
684 1017 741 1069 sine
760 1016 939 1084 indignatione
958 1015 1040 1068 totius

126 1085 328 1141 exercitusnon
349 1088 496 1156 potuissent
516 1086 645 1141 damnari.
681 1086 773 1155 ltaque
794 1103 893 1154 anceps
916 1085 1039 1154 quaestio

127 1156 205 1210 snitu
228 1157 292 1210 dum
316 1157 442 1209 infitiatus
466 1164 506 1209 est
530 1156 642 1218 facinus,
661 1155 803 1208 crudeliter
827 1155 941 1223 torqueri
965 1153 1039 1206 ride·

126 1226 211 1295 batur,
236 1236 294 1297 post
321 1225 516 1278 confessionem
543 1225 661 1278 Philotas
686 1242 720 1277 ue
749 1224 897 1277 amicorum
927 1223 1041 1292 quidem

127 1295 336 1349 misericordiam
348 1296 452 1348 meruit.

122 1439 209 1500 jessit.
241 1438 295 1485 The
307 1426 421 1497 principal
432 1446 562 1484 statement
574 1435 594 1483 is
602 1426 750 1484 introduced
757 1437 790 1496 by
800 1403 921 1485 cum'with
932 1435 973 1483 the
984 1451 1040 1494 per·

128 1497 175 1545 fect
186 1504 228 1580 ¹(o‘r
238 1503 372 1602 pkrleseqriq.e
384 1496 572 1602 Seqeaffuhntrppui
580 1499 634 1600 332.
671 1495 702 1543 Ut
718 1497 821 1544 incidere
836 1494 880 1550 (for
895 1497 1042 1552 inciderunt)

68 1644 71 1649 ·
128 1558 251 1661 ⁰031}th
260 1570 435 1682 bhhn'narhed!
461 1569 688 1682 g'rhesuhjuhnive
699 1613 720 1660 is
731 1613 800 1668 used,
813 1614 917 1681 hecuuse
928 1611 976 1660 this
988 1628 1042 1663 was

128 1672 170 1721 the
182 1687 268 1720 reason
278 1672 391 1732 assigned
402 1679 437 1727 (or
449 1672 631 1740 conoerredtby
642 1672 683 1719 the
695 1671 868 1720 Macedonicus
879 1671 1041 1722 themselves.

157 1737 168 1762 ²
178 1731 242 1779 Here
252 1747 290 1780 we
298 1731 358 1780 have
368 1731 556 1787 aconfirmation
564 1733 587 1779 ol
599 1748 613 1779 a
623 1731 719 1779 remark
727 1731 806 1778 which
817 1730 916 1779 Curtius
925 1730 1043 1792 formerly

129 1791 260 1897 (scephap.
272 1794 301 1839 37
312 1793 404 1853 odfin.)
416 1801 458 1850 put
468 1792 519 1839 into
534 1791 575 1838 the
593 1790 677 1839 mouth
693 1790 721 1839 ol
734 1790 852 1847 Philotas,
865 1792 954 1838 nemini
961 1794 1043 1852 percit

129 1867 188 1900 mon
201 1868 266 1899 uras.

158 1913 168 1938 ⁸
180 1909 267 1957 ‘From
279 1926 292 1958 a
302 1920 369 1970 great
381 1910 471 1970 danger
481 1909 509 1957 of
521 1909 642 2016 incurrinp
652 1908 768 1976 hatredffe

159 1973 168 1998 ⁴
181 1968 251 2016 ‘The
262 1969 432 2031 investigation
443 1969 571 2029 presented
582 1969 627 2016 itse
639 1968 651 2015 l
658 1983 682 2015 rn
693 1978 742 2015 two
753 1967 827 2028 hghts
838 1983 864 2015 or
875 1967 987 2027 aspeots.'

488 2740 612 2785 Macedonian¹
618 2740 687 2778 Slater.
