2274 3772
492 149 584 188 ciens
604 149 644 189 iv.
984 129 1025 187 85

110 266 181 312 trum
211 257 335 311 tenebant
365 258 436 309 natio
469 257 574 326 majoris
605 258 757 326 Armeniae,
788 257 970 327 Cutlusiique,¹
999 264 1027 309 et

112 327 288 396 Cappadoces,
313 337 339 379 et
363 327 428 396 Syri,
449 344 481 378 ac
505 328 589 380 Medi.
626 329 673 380 His
693 345 798 397 quoque
823 327 913 379 falcati
935 343 1027 379 currus

111 397 301 467 quinquaginta
319 407 400 448 erant.
437 397 547 449 Summa
566 399 644 449 totius
662 401 802 464 exercitus,
822 398 927 465 equites
944 397 1026 465 qnad-

112 468 212 534 raginte
231 467 347 534 quinque
366 467 447 534 milia,
461 466 591 533 pedestris
609 468 682 518 acies
699 467 815 518 ducenta
834 467 919 518 milia¹
936 466 1025 536 exple·

112 545 194 588 verat.
230 535 286 588 Hoc
300 536 377 588 modo
396 537 512 588 instructi
532 536 627 588 decem
647 536 731 587 stadia
744 537 895 605 procedunt,
908 536 1026 606 jussique

112 607 262 671 subsistere,
275 605 368 656 armati
381 605 484 657 hostem
499 606 683 673 expectabant.

103 728 105 732 Α
145 681 188 727 46.
208 674 350 727 Alexandri
369 675 516 726 exereitum
537 691 624 742 paror,
643 673 719 742 cujus
737 691 817 726 caiisa
838 691 889 727 non
911 675 1025 742 suberat,

111 745 224 797 invasit:
243 745 342 812 quippe
361 743 501 812 lymphati³
519 744 648 812 trepidare
664 757 815 812 coeperunt,
828 745 947 796 omnium
966 759 1026 812 pec·

111 824 167 866 tora
179 815 282 865 occulto
295 823 368 864 metu
387 820 563 880 percurrente.
601 813 671 864 Coeli
691 813 775 879 fulgor
788 824 905 883 tempore
924 815 1026 865 aestivo

111 884 214 934 ardenti
234 883 328 934 similis
346 882 511 934 internitens⁴
529 882 596 948 ignis
615 882 734 949 praebuit
752 878 878 950 speciem,
892 883 1026 936 flammas-

111 969 165 1020 que
177 969 210 1003 ex
224 951 305 1005 Darei
317 956 409 1003 castris
426 951 574 1019 splendere,
589 951 660 1002 velut
680 951 744 1003 illati
762 960 864 1005 temere
895 952 1028 1004 raesidiis⁵

111 1021 265 1074 credebant.
302 1021 401 1078 Quodsi
412 1019 539 1088 perculsis
547 1021 683 1087 Mazaeus,
694 1021 738 1089 qui
752 970 920 1089 praesidebat
932 1021 1024 1090 itineri,

100 1089 316 1159 supervenisset,
336 1089 429 1157 ingens
448 1089 539 1141 clades
559 1089 643 1157 accipi
665 1090 763 1157 potuit:
784 1091 875 1158 nunc,⁸
894 1091 959 1143 dum
981 1090 1026 1143 ille

112 1159 203 1226 segnis
216 1159 240 1210 in
259 1175 389 1228 ecquem
408 1170 582 1228 occupaverat
601 1159 703 1212 tumulo
722 1159 805 1228 sedet,
819 1169 958 1212 contentus
975 1178 1026 1213 non

114 1229 216 1296 lacessi,
230 1228 388 1296 Alexander,
405 1231 509 1295 cognito
527 1245 623 1297 pavore
642 1228 781 1296 exercitus,
795 1229 901 1296 signum
919 1238 948 1281 ut
966 1247 1026 1283 con·

113 1297 234 1350 sisterent
253 1297 317 1366 dari,
336 1308 397 1349 ante
417 1299 487 1366 ipsos
505 1315 579 1349 arma
602 1297 735 1366 deponere
753 1315 786 1350 ac
803 1298 892 1350 levare
911 1315 1026 1369 corpora,

111 1366 195 1436 jubet,
209 1366 362 1433 admonens,
377 1367 476 1419 nullam
495 1366 576 1429 subiti
594 1384 702 1420 causam
721 1385 781 1420 esse
799 1367 908 1435 terroris,
923 1367 1025 1421 hostem

110 1437 202 1506 procul
215 1446 292 1489 stare.
329 1436 449 1490 Tandem
462 1447 599 1505 compotes
617 1437 658 1489 sui
679 1437 775 1505 pariter
787 1455 861 1490 arma
879 1447 905 1490 et
923 1437 1027 1492 animos

111 1523 237 1574 recepere
247 1509 265 1558 :⁷
284 1506 495 1575 necquicquam
516 1524 548 1558 eir
570 1507 753 1575 praesentibus
769 1508 851 1559 tutius
870 1508 958 1561 visum
977 1519 1025 1576 est,

110 1592 193 1645 quam
207 1575 302 1628 eodem
315 1575 371 1627 loco
389 1585 475 1628 castra
493 1576 605 1628 munire.
642 1577 749 1628 Postero
766 1577 810 1628 die
828 1577 966 1644 Musaeus,
980 1579 1025 1647 qui

111 1663 174 1699 oum
198 1644 311 1697 delectis
334 1646 452 1714 equitum
476 1645 503 1696 in
528 1644 599 1697 edito
622 1645 697 1714 colle,
719 1663 753 1698 ex
773 1662 826 1714 quo
844 1645 1026 1700 Macedonum

111 1714 339 1784 prospiciebantur
368 1725 461 1782 castra,
491 1713 654 1782 consederat,
682 1716 740 1767 sive
770 1725 852 1784 metu,
877 1716 935 1767 sive
965 1718 1027 1784 quia

112 1783 243 1852 speculari
263 1783 342 1836 modo
360 1782 449 1852 jussus
469 1793 523 1834 erat
547 1783 581 1834 ad
603 1785 717 1837 Dareum
737 1785 822 1836 rediit.
858 1784 1024 1836 Macedones

111 1870 173 1906 eum
192 1853 280 1921 ipsum
297 1852 402 1920 collem,
416 1869 495 1921 quem
514 1822 674 1920 deseruerat,
688 1863 898 1922 occupaverunt:
919 1871 981 1907 nam
1000 1862 1027 1906 et

112 1924 190 1977 tutior
213 1922 322 2044 planitie
346 1935 409 1990 erat,
430 1930 456 1975 et
476 1920 538 1973 inde
559 1923 632 1974 acies
651 1922 772 1989 hostiurn,
794 1923 909 1990 quaein
931 1939 1026 2002 campo

112 1991 216 2060 explica
236 2000 294 2044 atur
335 1991 452 2059 conspici
473 1995 592 2059 poterat.
636 1991 687 2043 Sed
719 1991 810 2060 caligo,
844 2009 923 2061 quam
955 2009 1027 2045 circa

111 2060 215 2114 humidi
228 2031 376 2117 effuderant
392 2071 502 2129 montes,
516 2061 655 2113 universae
673 2061 781 2130 quidem
801 2060 838 2113 rei
857 2061 956 2114 taciem
974 2078 1025 2114 nori

111 2130 229 2199 abstulit,
251 2131 381 2183 ceterums
398 2131 535 2197 agminum
557 2130 710 2183 discrimina
730 2141 810 2198 atque
829 2131 948 2184 ordinem
969 2148 1025 2200 pro·

112 2199 198 2255 hibuit
211 2198 334 2268 perspici.
370 2199 515 2253 Multitudo
528 2199 700 2253 inundaverat
719 2217 835 2269 campos,
849 2199 1025 2269 fremitusque

937 2295 1020 2303 ——-

112 2329 149 2428 th¹
162 2323 187 2428 [ὲ
198 2323 258 2370 tribe
270 2323 404 2387 inhabitiug
414 2339 428 2371 a
439 2334 490 2383 part
501 2324 529 2372 of
536 2323 620 2371 Media
629 2295 740 2372 between
749 2325 790 2372 tlie
803 2325 909 2385 Caspias
921 2326 969 2373 See
979 2326 1025 2374 and

141 2397 337 2510 lilllllltlhsllhles·
347 2440 389 2488 the
398 2443 500 2488 number
506 2452 533 2512 ἐξ
545 2458 560 2490 a
570 2440 670 2489 milliou.
702 2441 751 2489 We
760 2441 834 2503 ought
844 2442 963 2512 therefore
972 2459 1025 2503 per·

112 2499 620 2629 hapquqqthqchpeqzqisqpqporsigqbsedj
653 2558 709 2606 The
717 2559 757 2607 old
765 2560 933 2620 etymologists
944 2561 1025 2611 derive

112 2616 231 2685 theflword
243 2620 354 2685 lymphati
370 2617 429 2665 from
446 2622 554 2685 nympha,
568 2620 672 2665 because
688 2618 736 2686 the·
746 2619 842 2666 sortof
853 2619 1025 2680 deiungement

112 2676 193 2724 which
200 2687 218 2724 it
227 2691 354 2735 expresses
364 2692 415 2724 wne
424 2677 554 2744 attributed
563 2688 589 2724 to
596 2677 637 2724 the
646 2686 769 2736 operation
778 2676 806 2725 os
812 2677 900 2727 hostile
909 2681 1023 2740 nymphe,

111 2751 147 2791 or,
160 2752 187 2782 as
199 2751 235 2782 we
248 2735 328 2783 would
339 2751 392 2794 say,
405 2735 514 2783 witches.
756 2770 759 2775 -

141 2800 149 2822 ⁴
161 2794 225 2842 Thai
238 2795 267 2850 is,
280 2797 359 2843 niteris
372 2797 542 2843 internuncia.

142 2853 288 2902 ⁵Praesidio
299 2869 339 2901 are
355 2853 413 2901 here
429 2854 469 2936 the
487 2854 547 2902 lines
562 2853 591 2902 ol
603 2854 644 2902 the
656 2853 777 2903 Persisns.
810 2855 928 2916 Compare
940 2859 972 2906 iv.
986 2861 1022 2912 19,

110 2917 225 3019 notulThis.
233 2989 297 3021 rinno
307 2988 335 3019 so
345 2971 515 3032 emphatically
527 2965 610 3031 placed
622 2983 678 3031 puts
688 2973 729 3021 the
740 2959 826 3035 realil'y
835 2975 859 3022 in
869 2984 952 3035 strong
963 2975 1023 3023 snti-

111 3029 188 3079 thesis
199 3041 224 3077 to
235 3031 276 3078 the
286 3033 364 3079 clades
375 3031 455 3099 which
466 3032 544 3091 might
555 3032 616 3079 have
628 3034 697 3099 been.

140 3095 148 3116 l
161 3090 248 3149 ‘They
259 3089 372 3138 resumed
381 3090 443 3137 their
451 3106 524 3146 arms,
535 3089 581 3137 and
590 3106 660 3151 again
670 3091 728 3138 took
737 3093 857 3153 coniuge!
883 3092 937 3139 The
949 3091 1023 3151 appli-

110 3149 190 3217 ciition
201 3148 229 3196 os
236 3149 276 3196 tlte
286 3165 353 3197 same
362 3151 420 3196 verb
431 3151 529 3210 recipere
537 3159 562 3196 to
570 3150 629 3218 both
639 3150 707 3198 these
717 3150 783 3199 ideas
791 3152 811 3198 is
818 3150 895 3219 called
904 3152 936 3209 by
944 3166 1023 3210 gram·

110 3223 373 3315 manans-hffggffi'k
384 3208 575 3315 {pqurelaqqqat
585 3218 629 3314 seqq
640 3208 784 3315 ¹lirqpmrpther
795 3226 809 3257 a
820 3209 940 3258 ludicrous
951 3208 1024 3258 effect

111 3277 267 3394 coppam
288 3282 501 3395 loperlysignihe’s
513 3333 554 3374 ‘ss
565 3325 602 3374 sor
612 3327 653 3374 the
662 3305 730 3382 resl.’
744 3327 787 3375 but
798 3327 820 3374 is
831 3326 897 3374 often
906 3325 975 3383 used.
985 3341 1023 3376 es·

110 3385 213 3446 pecially
224 3386 257 3444 by
269 3341 378 3441 gaurus,
391 3401 415 3434 in
426 3385 467 3434 the
478 3400 546 3434 sume
556 3401 628 3434 sense
639 3401 666 3434 iis
677 3388 724 3434 ssd.
