2274 3772
126 121 182 178 122
389 135 428 174 ns
451 135 557 176 oasris
578 135 759 176 niaxinniu.

122 245 244 315 frontem,
256 242 307 296 boc
319 251 346 296 et
357 253 539 297 omameutum
552 244 648 315 capitia
660 253 687 297 et
702 243 785 298 telum
797 251 847 296 est.
882 241 936 296 Sed
955 239 1029 297 hano

123 329 227 382 quoque
244 319 351 380 gentem
369 312 441 366 idern
458 313 577 366 fortunae
596 314 711 383 impetus
727 313 836 366 domuit.
872 312 969 382 ltaque
981 312 1027 365 tri·

121 383 222 450 gesimo
234 381 285 451 die,
295 390 433 451 postquam
441 399 458 434 a
466 383 599 452 Persepoli
610 382 744 452 proiectus
755 390 818 451 erat,
828 381 924 434 eodem
937 380 1026 434 rediit.

121 451 196 507 Dona
215 451 312 504 deinde
331 452 427 504 amicis
446 450 593 521 ceterisque
614 468 659 521 pro
679 450 808 521 cujusque
827 452 921 503 merito
939 449 1024 521 dedit,

121 520 314 591 Propemodum
326 520 423 589 omnia,
436 537 505 600 quae
517 521 543 573 in
556 538 588 573 ea
600 521 665 574 urbe
677 529 792 590 ceperat,
805 519 951 588 distributa.

156 594 196 643 22.
216 589 374 643 Ceterumin
395 599 467 642 entia
475 589 556 643 animi
565 590 632 643 bona
650 590 720 642 illam
734 589 856 655 indolem,
865 603 919 656 qua
927 604 1024 641 omnes

120 675 197 727 reges
208 658 358 725 antecessit,
372 605 445 711 illam
463 660 489 711 in
508 629 652 712 subeundis
663 658 787 738 periculis
799 658 982 725 constantiam,
995 656 1022 709 in

120 728 199 781 rebus
210 728 361 781 moliendis¹
373 727 574 797 efficiendisque
586 728 762 797 velocitatem,
776 729 801 780 in
813 727 918 779 deditos
929 726 1020 796 fidem,

119 797 145 849 in
158 798 277 866 captivos
289 797 467 866 clementiam,
484 798 511 849 in
522 797 700 866 voluptatibus
716 798 853 866 permissis
869 810 976 863 quoque
994 805 1021 848 et

118 866 223 919 usitatis
233 867 440 946 temperantiam,
451 865 523 919 haud
534 866 663 919 tolerabili
673 866 724 918 viui
737 865 880 935 cupiditate
892 863 1019 917 foedavit.

118 935 199 987 Hoste
211 943 238 987 et
250 934 355 988 aemulo
368 952 442 1004 regni
459 945 596 1004 reparante
612 935 803 988 cummaxime⁹
814 934 922 1001 bellum,
936 949 1021 1002 nuper

118 1003 234 1057 subactis
245 1020 312 1072 quos
324 1004 431 1074 vicerat,
444 1021 593 1072 novumque
611 1004 749 1073 imperium
761 1003 972 1073 aspernantibus,
985 1002 1019 1056 de

118 1071 174 1124 die³
186 1073 267 1126 inibat
278 1073 413 1126 convivia:
432 1073 528 1142 quibus
544 1073 661 1126 feminae
680 1075 829 1142 intererant,
842 1089 892 1125 nou
909 1071 1018 1140 quidem

117 1156 183 1210 quas
192 1141 282 1195 violari
294 1141 370 1195 nefas
382 1151 459 1213 esset,
472 1143 569 1212 quippe
581 1141 698 1212 pellices,
712 1142 835 1194 licentius
846 1157 927 1211 quam
940 1139 1017 1193 dece·

116 1210 162 1264 bat
174 1228 236 1264 cum
248 1220 348 1264 armato
360 1212 450 1264 vivere
461 1220 593 1265 assuetae.
630 1212 671 1265 Ex
690 1212 730 1264 bis
745 1228 797 1263 una
809 1210 899 1278 Thais,
913 1218 940 1262 et
951 1210 1018 1278 ipsa⁴

117 1281 270 1349 temulenta,
282 1281 426 1333 maximam
445 1281 516 1349 apud
528 1296 621 1334 omnes
632 1282 746 1333 Graecos
765 1281 888 1333 initurum
905 1282 1018 1346 gratiam

116 1348 237 1419 affirmat,
259 1350 280 1402 ei
300 1349 400 1416 regiam
426 1350 564 1402 Persarum
586 1349 708 1419 jussisset
731 1350 852 1402 incendi:
876 1357 1017 1416 expeoiare

117 1417 167 1469 boc
184 1435 238 1486 eos,
257 1434 367 1486 quorum
387 1417 466 1470 urbes
484 1417 586 1472 barbari
605 1418 748 1471 delessent.
769 1418 863 1472 -Ebrio
880 1425 966 1470 scorto
982 1416 1017 1469 de

117 1493 189 1539 tanta
202 1503 230 1538 re
243 1486 337 1539 serenti
349 1487 509 1540 sententiam
520 1504 589 1540 unus
601 1496 627 1540 et
639 1487 712 1557 alter,
723 1496 750 1540 et
761 1487 812 1556 ipsi
823 1503 896 1540 mero
908 1486 1016 1555 onerati,

115 1555 300 1607 assentiuntur.
330 1555 386 1607 Reii
394 1570 499 1625 quoque
507 1555 608 1609 avidior
616 1556 672 1624 fuit,
682 1573 762 1627 quarn
771 1557 925 1626 patientior:
937 1554 1018 1614 Quin⁶

115 1624 194 1692 igitur
206 1623 358 1677 ulciscimur
370 1624 517 1695 Graeciam,
530 1634 557 1678 et
570 1625 626 1679 urbi
639 1625 715 1678 faces
726 1625 883 1680 subdimust
917 1625 1018 1678 Omnes

115 1692 278 1746 incaluerant
294 1709 385 1746 mero:
404 1693 493 1763 itaque
505 1703 613 1765 surgunt
624 1694 764 1748 temulenti
775 1693 809 1746 ad
822 1692 1017 1748 incendendam

114 1762 216 1833 urbem,
235 1762 279 1816 cui
298 1763 393 1816 armati
412 1772 593 1834 pepercerant.
629 1765 733 1817 Primus
752 1780 799 1817 rex
818 1764 826 1816 i
863 1779 908 1816 em
928 1763 1017 1832 regiae

114 1831 212 1903 injecit,
226 1840 284 1886 tuin
303 1832 431 1886 convivae
449 1841 477 1886 et
496 1833 608 1886 ministri
626 1832 799 1903 pellicesque.
866 1831 923 1884 ulta
936 1831 1017 1886 cedro

113 1901 255 1956 aedificata
267 1909 322 1955 erat
334 1903 420 1970 regia:
439 1917 508 1971 quae
525 1903 648 1956 celeriter
660 1903 721 1970 igne
733 1909 867 1972 concepto,
880 1901 934 1954 late
946 1901 1016 1956 ludit

113 1970 275 2024 incendium.
305 1970 382 2028 Quod
393 1971 438 2024 ubi
449 1972 587 2042 exercitus,
601 1972 648 2040 qui
660 1971 732 2024 haud
744 1972 833 2040 procul
846 1971 911 2024 urbe
924 1970 1016 2024 tendo·

113 2037 179 2104 bat,⁸
190 2039 333 2108 conspexit,
347 2039 482 2092 fortuitum
498 2049 577 2109 ratus,
589 2040 624 2092 ad
636 2057 714 2110 opem
726 2037 862 2093 serendam
875 2039 1016 2095 concurrit.

113 2105 164 2159 Sed
177 2115 206 2160 ut
217 2108 252 2160 ad
263 2106 426 2160 vestibulum
438 2109 527 2176 regiae
539 2118 648 2162 ventum
660 2120 708 2179 est,
722 2108 812 2163 vident
825 2125 915 2176 regem
928 2110 1015 2179 ipsum

113 2175 202 2229 adhuc
218 2184 389 2244 aggerentem
406 2176 487 2229 faces.
522 2177 626 2230 Omissa
645 2179 727 2248 igitur,
741 2195 821 2247 quam
840 2188 1015 2251 portaverant,

115 2261 192 2314 aqua,
205 2245 307 2298 aridam
319 2245 459 2298 materiem
470 2246 497 2301 in
508 2246 660 2300 incendium
671 2247 759 2317 jacere
771 2254 922 2317 coeperunt.

149 2319 190 2367 23.
208 2315 286 2368 Hunc
308 2315 410 2368 exitum
433 2314 525 2368 habuit
549 2316 621 2384 regia
644 2318 722 2369 totius
744 2316 864 2385 Orientis,
884 2317 954 2370 unde
979 2327 1018 2372 tot

112 2392 206 2454 gentes
223 2391 303 2437 antea
315 2383 377 2453 'jura
394 2384 539 2455 petebant,⁷
556 2385 639 2455 patria
657 2393 695 2438 tot
713 2403 812 2454 regum,
826 2387 921 2439 unicus
933 2404 1017 2457 qnon-

131 2540 150 2604 .¹
163 2534 369 2603 ‘Undertaliing3'
386 2534 443 2596 only
455 2534 581 2594 employed
597 2535 622 2582 in
637 2534 756 2582 reference
772 2544 798 2581 to
813 2533 892 2583 affairs
908 2535 936 2583 os
947 2547 1017 2597 great

113 2592 232 2653 difficulty
242 2593 288 2643 and
299 2603 453 2652 importunos.

141 2651 247 2700 ’‘With
258 2652 299 2700 the
310 2661 401 2700 utmost
411 2652 511 2711 vigeni!
543 2651 573 2700 In
587 2652 729 2700 connection
743 2651 802 2699 with
818 2667 832 2700 a
847 2661 916 2701 tense
931 2652 960 2702 ol
972 2656 1017 2704 the

113 2718 167 2779 past
178 2710 340 2772 (reparanteis
350 2709 408 2758 hare
419 2711 460 2758 the
466 2711 592 2816 participle
607 2710 635 2759 of
646 2710 686 2759 the
702 2710 845 2770 imperfect),
858 2720 908 2760 tum
917 2715 1018 2764 mosim

113 2768 726 2897 ¹⁸EffigielildidlrtdytllizegloseengilldmRt'lrgssggit
736 2843 808 2884 ware,
825 2828 902 2897 ‘stole
917 2845 990 2900 away
1001 2848 1018 2881 a

112 2895 164 2945 part
175 2885 236 2933 froin
247 2885 288 2954 the
299 2886 410 2954 day‚’·by
420 2887 550 2954 beginning
561 2842 602 2956 Ιζιε
617 2903 695 2947 orgies
712 2887 796 2956 before·
808 2902 919 2949 waning,
932 2889 1016 2939 which

112 2959 163 2992 was
179 2944 220 2991 the
235 2944 346 3003 ordinary
356 2953 423 3000 time,
437 2960 461 2992 in
476 2946 651 3014 antiquantur
666 2946 707 2993 the
722 2946 836 3014 prinoipal
852 2947 916 2994 meai
931 2947 960 2995 os
971 2948 1015 2998 the

111 3003 166 3064 day.
198 3003 226 3051 In
241 3002 282 3050 the
298 3018 373 3089 iam,
380 3019 478 3071 manner
493 3007 595 3054 denuda
607 3020 627 3053 is
639 3005 712 3054 used:
729 3005 765 3052 sor
780 3016 897 3087 impunes,
909 3008 939 3054 de
949 3017 1017 3057 noue

111 3078 156 3152 ’Ὗ
172 3063 1011 3192 tentatus?lautitiabtlttlttlltls..ia...

139 3187 148 3215 ¹
160 3178 243 3240 ‘Why
253 3189 294 3226 not
301 3180 319 3228 t'
352 3181 393 3227 Au
403 3192 543 3238 expression
553 3180 581 3229 ol
588 3192 730 3241 impatience
740 3183 788 3231 and
798 3180 873 3242 quieti
883 3183 986 3232 resolve.

139 3245 148 3270 ⁸
158 3239 180 3288 E
198 3238 304 3288 nivalent
314 3248 340 3286 to
350 3241 507 3288 cubiculariis
518 3248 575 3288 vat.

138 3302 166 3326 '⁶
190 3358 195 3367 Ι
209 3298 267 3360 ugbt
283 3297 347 3345 their
360 3297 461 3405 riphtsp’
476 3297 527 3347 that
543 3299 572 3359 is,
585 3298 705 3348 decisione
719 3298 748 3349 of
758 3299 825 3348 what
839 3298 900 3363 they
909 3315 975 3350 were
986 3311 1013 3350 to

109 3354 397 3419 hold-rightandlawfu.
985 3382 988 3387 ·
