2274 3772
490 162 582 230 urana
602 185 644 223 rx.
960 170 1018 227 277

111 298 247 362 spectatae
259 291 363 344 virtutis
375 291 518 359 elegerant,
532 291 577 359 qui
596 291 646 344 sub
664 291 798 345 radicibus
815 291 912 344 montis
930 300 1017 345 castra

111 361 205 430 posuit,
216 361 322 428 lateque
331 361 414 428 ignes,
422 369 450 412 ut
458 361 576 428 speciem
586 361 761 414 multitudinis
769 371 886 428 augeret,
896 361 1018 428 ostendit,

111 430 227 482 clamore
239 447 344 498 quoque
356 447 389 482 ac
402 430 442 482 sui
455 429 534 481 moris
543 429 642 482 ululatu
651 429 798 483 identidem
807 429 1017 498 acquiescentes,

111 499 275 552 Macedonas
286 499 381 552 frustra
393 509 491 551 terrere
500 511 616 550 conatus.
653 500 712 552 Jam
726 498 770 552 lux
782 499 943 568 appetebat,¹
956 515 1019 552 curn

112 586 159 622 rex
170 568 282 620 fiduciae
302 585 335 619 ac
353 567 411 636 spei
432 568 526 636 plenus
544 568 645 620 alacres
664 568 765 621 milites
783 585 858 620 arma
876 585 979 637 capere,
993 578 1020 620 et

112 639 183 690 exire
196 639 221 689 in
234 639 321 689 aciem
334 637 417 705 jubet.
453 636 512 704 Sed,
526 636 596 689 haud
618 637 728 689 traditur
746 649 864 705 metune,
877 655 912 688 an
931 638 1020 690 oborta

112 706 242 759 seditione
257 708 322 758 inter
335 709 412 775 ipsos,
426 704 512 758 subito
525 708 695 775 profugerunt
715 707 835 774 barbari,
853 716 925 758 certe
945 708 1021 759 avios

111 785 217 828 montes
229 784 255 827 et
269 775 410 844 impeditos
422 786 631 842 occupaverunt:
644 792 755 845 quorum
764 788 861 844 agmen
871 792 917 828 rex
926 775 1020 828 frustra

112 853 275 914 persecutus,
289 844 481 913 impedimenta
493 844 573 911 cepit.
717 895 719 901 ,

150 919 189 966 18.
209 914 369 966 Perventum
389 913 487 966 deinde
506 923 545 966 est
565 912 599 966 ad
620 914 748 983 oppidum
766 913 973 982 Oxydracarnm,
992 913 1018 965 in

113 982 181 1052 quod
204 983 323 1051 plerique
343 982 523 1050 confugerant,
543 982 613 1035 haud
634 983 734 1052 majore
754 983 852 1036 fiducia
877 983 1018 1052 moenium,

112 1069 194 1120 quarn
214 1053 367 1104 armorum)
401 1053 461 1105 Jam
481 1051 652 1105 admovebat³
670 1069 723 1118 rex,
737 1069 800 1104 curn
819 1061 893 1104 vates
911 1067 1019 1105 monere

115 1138 178 1173 eum
191 1123 285 1190 coepit,
298 1138 332 1173 ne
351 1122 536 1187 committeret,
549 1130 594 1173 aut
614 1130 686 1173 certe
706 1121 823 1174 differret
840 1120 1018 1173 obsidionem:

113 1190 185 1242 vitae
197 1190 255 1259 ejus
267 1190 415 1260 periculum
435 1190 549 1249 ostendi,
582 1191 639 1243 Rex
659 1191 871 1260 Demophontem
893 1190 928 1260 (is
946 1207 1020 1243 narn·

113 1262 176 1328 que⁴
187 1269 262 1311 vates
274 1260 342 1329 erat)
355 1260 469 1328 intuens,
482 1259 586 1329 Siquis,
600 1259 690 1328 inquit,
705 1268 730 1313 te
747 1260 797 1311 arti
816 1268 877 1311 tuae
890 1260 1019 1313 intantum

113 1337 141 1381 et
160 1339 221 1381 exta
239 1338 403 1399 spectantem
430 1329 468 1381 sic
491 1328 641 1398 interpellet
667 1347 718 1382 non
738 1328 878 1395 dubitem,⁶
895 1329 957 1395 quin
981 1329 1019 1382 in-

113 1397 269 1450 commodus
285 1416 318 1450 ac
335 1398 464 1451 molestus
481 1398 564 1450 videri
583 1398 630 1451 tibi
649 1399 738 1468 possit.
775 1398 809 1451 Et
835 1414 896 1450 cum
920 1396 965 1449 illc
983 1397 1021 1450 ita

113 1483 217 1536 prorsus
234 1467 350 1520 futurum
379 1467 562 1537 respondisset,
584 1469 725 1536 censesne,
745 1467 838 1536 inquit,
859 1476 945 1519 tantas
970 1483 1019 1536 res,

112 1553 163 1589 non
182 1537 315 1606 pecudum
334 1537 414 1590 fibras
431 1545 493 1589 ante
511 1537 600 1590 oculos
618 1537 734 1606 habenti,
752 1537 837 1590 ullum
855 1552 915 1588 esse
933 1533 1021 1603 majus

113 1606 343 1675 impedimentum,
368 1620 449 1675 quam
473 1616 561 1659 ratem
585 1607 770 1676 superstitione
794 1604 923 1674 captuml
960 1605 1020 1658 Nec

112 1675 212 1728 diutius
224 1693 303 1744 quam
317 1676 451 1745 respondit
463 1685 586 1744 moratus,
599 1677 736 1730 admoveri
747 1675 822 1746 jubet
835 1675 927 1742 scalas,
941 1691 1020 1727 cunc·

113 1745 280 1813 tantibusque
293 1745 390 1798 ceteris
402 1744 491 1798 eradit
502 1746 529 1797 in
548 1763 663 1801 murum.
700 1748 820 1813 Angusta
840 1745 907 1797 muri
926 1759 1021 1797 corona

112 1824 183 1866 erat:
202 1832 253 1867 non
286 1815 361 1866 ionae
375 1815 443 1868 sicut
461 1814 525 1867 alibi
544 1815 680 1881 fastigium
700 1813 760 1883 ejus
777 1813 958 1882 distinxerant,
972 1812 1020 1865 sed

131 1893 241 1953 erpetua
263 1833 343 1935 idrica
365 1883 479 1936 obducta
501 1884 644 1935 transitum
668 1882 824 1951 saepserat.⁶
858 1883 950 1949 ltaque
974 1897 1021 1934 rex

112 1899 240 2004 haerebat
252 1952 344 2019 magis,
357 1968 439 2020 quam
452 1950 538 2003 stabat
556 1952 583 2002 in
603 1951 730 2018 margine,
743 1950 830 2018 clipeo
849 1949 965 2018 undique
983 1949 1021 2002 in·

113 2020 229 2072 cidentia
243 2022 295 2072 tela
306 2021 475 2090 propulsans;
488 2037 550 2072 nam
558 2019 656 2088 ubique
666 2020 771 2072 eminus
780 2036 813 2072 ex
823 2017 937 2071 turribus
949 2028 1021 2086 pete·

112 2087 197 2141 batur.
234 2090 292 2141 Nec
310 2089 399 2141 subire
417 2089 516 2141 milites
528 2097 654 2158 poterant,
668 2088 731 2157 qnia
744 2105 857 2156 superne
870 2088 895 2139 vi
910 2087 1021 2142 telorum

112 2158 297 2211 obruebantur.
334 2158 455 2211 Tandem
475 2156 688 2225 magnitudinem
709 2157 821 2227 periculi
840 2156 924 2227 pudor
941 2157 1019 2209 vicit:

113 2228 210 2296 quippe
223 2228 374 2296 cernebant,
388 2226 554 2280 cunctatione
567 2244 615 2279 sua
627 2226 689 2279 dedi
702 2227 821 2280 hostibus
833 2243 932 2294 regem.
969 2225 1020 2280 Sed

112 2296 260 2350 festinando
284 2298 451 2351 morabantur
474 2297 581 2349 auxilia.
617 2297 686 2350 Nam
707 2296 773 2349 dum
793 2313 838 2365 pro
859 2313 888 2348 se
907 2298 1021 2364 quisque

113 2375 196 2419 certat
209 2366 332 2436 evadere,
346 2383 489 2419 onerarere
502 2365 603 2433 scalas,
620 2366 681 2434 quis
697 2382 749 2418 non
767 2364 962 2417 sufficientibus
975 2364 1021 2416 de·

143 2522 183 2569 ¹lt
199 2524 220 2570 is
236 2539 250 2604 p
266 2522 338 2571 Latin
354 2522 428 2570 idiom
443 2532 469 2570 to
484 2537 528 2582 say
539 2530 637 2582 ternpus,
650 2523 708 2578 dies,
721 2538 775 2578 noc,
793 2523 836 2569 lac
851 2524 947 2583 oppetit,
963 2527 1019 2582 ‘ap-

113 2581 290 2722 priciolliithout
306 2640 395 2700 having
410 2649 505 2700 greater
515 2638 654 2687 confidence
665 2639 690 2686 in
700 2638 742 2686 tha
752 2637 822 2686 walls
842 2638 900 2686 than
918 2639 944 2687 in
956 2639 1021 2689 their

113 2715 295 2844 wiscardum
305 2758 378 2839 being
388 2757 499 2813 omitted,
512 2761 632 2825 admouere
642 2756 712 2862 ῑιιέιθε
724 2755 765 2804 the
776 2755 926 2805 intransitive
938 2772 1019 2807 meun-

114 2817 391 2936 ”titbaldum
407 2815 693 2943 tlttssusstlltt
701 2820 972 2924 {titulusita
983 2875 1017 2924 n.

113 2933 851 3052 wtttlttlltttllfftttt‘ttuttlitttlltttth
889 2992 1021 3042 ,reatin

112 3056 228 3116 apolicam,
242 3069 283 3101 sce
298 3053 378 3101 Grom.
390 3052 404 3103 l
415 3055 466 3100 344.
576 3109 581 3118 .
748 3109 753 3118 ·
858 3011 890 3056 pr
931 3109 937 3120 .

141 3120 149 3143 ⁸
164 3113 234 3161 ‘The
250 3127 331 3160 crown
342 3111 369 3159 os
383 3111 423 3158 the
436 3109 491 3157 wall
503 3110 563 3165 (that
575 3125 605 3177 rs,
616 3108 659 3156 ‘the
675 3108 867 3170 standmg-room
883 3125 915 3157 on
930 3116 957 3163 rt)
968 3124 1020 3159 was

114 3187 221 3229 narrow3
234 3172 270 3219 tor
280 3180 389 3277 separate
404 3168 561 3237 battlements
572 3167 613 3216 drd
623 3179 673 3239 pot,
686 3183 713 3216 as
724 3168 749 3215 in
759 3169 829 3217 other
839 3183 916 3236 cases,
928 3169 1020 3237 pro‘ect

113 3230 173 3279 from
185 3231 225 3278 the
237 3240 300 3289 topo
320 3240 338 3276 rt
349 3237 385 3284 (so
396 3243 422 3276 as
432 3237 458 3275 to
468 3237 593 3295 interrupt,
602 3228 756 3288 distinguere,
767 3228 808 3275 tha
817 3228 945 3295 otherwrse
955 3242 971 3286 p
981 3242 1020 3276 arn

114 3290 160 3338 and
171 3289 284 3338 nnvaried
296 3288 407 3343 surfacet,
420 3288 463 3335 but
474 3303 489 3334 a
499 3296 642 3354 continuone
653 3286 804 3334 breastnorlr
813 3285 910 3334 srectcd
921 3300 945 3333 m
956 3285 1019 3335 from

113 3348 161 3396 had
176 3349 272 3397 thrown
282 3364 296 3396 a
307 3345 470 3396 considerable
481 3344 587 3395 obstacle
603 3359 628 3392 ιιι
642 3344 684 3393 the
695 3359 751 3404 way
761 3343 789 3393 os
802 3359 850 3404 aur
860 3359 907 3392 one
916 3344 976 3390 who
983 3354 1024 3389 m·

114 3407 222 3468 tempted
233 3417 258 3457 to
269 3407 342 3456 climb
353 3419 411 3455 orer
421 3404 457 3454 it.’
