2274 3772
468 160 560 200 ιιιιιιιι
579 160 622 200 ιιι.
956 147 1004 200 23

88 269 224 322 manantis
238 268 344 323 dueum
363 268 493 323 turbent:¹
511 269 599 337 itaque
618 268 789 337 incorruptus,
802 267 929 338 idemque
948 268 992 321 lri-

88 337 249 408 gidissimus,
270 339 367 409 quippe
390 337 473 389 multa
497 338 610 407 riparum
635 338 794 390 amoenitate
818 337 991 408 inumbratns,

90 407 187 477 ubique
205 407 322 460 lontibus
340 408 395 459 suis
411 405 506 458 similis
529 407 554 458 in
579 423 652 458 mare
671 405 768 465 evadit.
811 405 898 459 Multa
916 408 942 458 in
960 425 992 459 ea

90 477 195 546 regione
214 484 391 542 monumenta,
411 475 517 542 vulgata
535 475 702 544 carminibus,
722 483 840 527 vetustas
858 475 991 529 exederat.

88 545 302 599 Monstrabantnr
315 545 418 597 urbium
432 543 516 612 sedes,
531 544 655 613 Lyrnessi
672 553 699 596 et
717 543 844 612 Thebes,²
856 544 992 614 Typhonis

89 630 193 684 quoque
214 631 316 683 specus,
338 623 364 665 et
385 612 524 681 Corycium
548 630 650 682 nemus,
673 611 719 665 ubi
741 629 847 666 crocum
869 613 990 683 gignitur,

88 693 239 753 ceteraque,
254 684 278 735 in
292 681 387 751 quibus
399 681 463 733 nihil
476 690 578 749 praeter
590 681 689 734 sarnam
701 681 849 734 duraverat.
1002 687 1010 698 '

127 758 165 804 ll.
186 752 334 804 Alexander
347 751 437 802 lauces
447 749 511 819 jugi,
522 766 590 818 qnae
603 749 684 819 Pylae
696 750 869 820 appellantur,
878 752 990 804 intravit.

87 821 286 889 Contemplatus
304 821 418 872 locorum
436 820 525 887 situm,
544 835 593 871 non
611 819 677 871 alias
695 819 790 887 magis³
801 818 991 873 dicituradrni·

88 898 162 941 ratus
179 907 239 942 esse
257 889 408 941 felicitatem
422 904 512 939 suam:
530 887 603 940 obrui
620 887 735 956 potuisse
749 888 791 940 vel
803 889 874 941 saxis
885 891 990 942 coufite-

88 957 171 1026 batur,
195 958 217 1009 si
237 958 356 1025 luissent,
377 957 470 1024 quiin
490 956 634 1029 subeuntes
653 956 835 1027 propellerent.
878 957 929 1010 lter
948 959 990 1012 vix

86 1029 238 1094 quaternos⁴
249 1026 371 1094 capiebat
382 1033 510 1078 armatos:
530 1026 636 1081 dorsum
648 1025 744 1091 montis
755 1026 911 1079 imminebat
923 1027 989 1095 viae,

87 1111 138 1147 non
151 1105 278 1162 angustae
291 1094 375 1162 modo,
389 1094 435 1156 sed
454 1093 609 1162 plerumque
627 1097 791 1164 praeruptae,
805 1095 904 1149 crebris
916 1097 990 1149 ober-

89 1163 208 1217 rantibus
219 1164 300 1232 rivis,⁵
312 1163 356 1231 qui
375 1179 409 1215 ex
427 1162 560 1216 radicibus
576 1165 706 1216 montium
723 1173 839 1217 manant.
875 1164 990 1218 Thracas

89 1242 178 1284 tamen
196 1232 287 1284 leviter
297 1241 412 1284 armatos
424 1231 582 1302 praecedere
593 1232 713 1302 jusserat,
727 1233 888 1301 scrutarique
901 1233 989 1299 calles,

87 1318 121 1353 ne
141 1300 260 1353 occultus
280 1300 361 1353 hostis
381 1302 406 1353 in
427 1300 572 1353 subeuntes
595 1309 752 1369 erumperet.
795 1301 990 1369 Sagittariorum

86 1386 191 1439 quoque
203 1387 300 1422 manus
310 1380 484 1438 occupaverat
495 1368 589 1439 jugum
597 1369 616 1422 :⁸
633 1369 747 1422 intentos
758 1387 836 1422 arcus
847 1369 988 1439 habebant,

87 1440 186 1507 moniti,
200 1456 253 1491 non
268 1439 317 1490 iter
328 1438 399 1507 ipsos
410 1439 483 1507 inire,
497 1440 544 1490 sed
562 1439 699 1508 proelium
736 1439 792 1491 Hoc
804 1441 881 1492 modo
893 1457 988 1507 agmen

104 1508 205 1560 ervenit
216 1508 250 1560 ad
262 1507 354 1561 urbem
371 1507 489 1577 Tarson,⁷
502 1507 545 1559 cui
558 1518 614 1560 tum
626 1507 742 1561 maxime
757 1509 854 1561 Persae
867 1508 988 1578 subjicie-

138 1589 148 1629 t
160 1578 258 1645 ignem‚
271 1593 305 1628 ne
317 1575 471 1655 opulentum
479 1576 607 1646 oppidum
618 1575 701 1629 hostis
712 1577 856 1630 invaderet.
887 1581 922 1630 At
935 1578 988 1647 ille,

85 1645 258 1698 Parmenione
276 1645 310 1697 ad
328 1644 503 1698 inhibendum
521 1644 673 1699 incendium
691 1662 753 1698 oum
772 1645 895 1716 expedita
908 1665 988 1700 manu

84 1714 237 1783 praemisso,
252 1722 392 1782 postquam
409 1712 534 1766 barbaros
551 1713 667 1766 adventu
685 1730 792 1768 suorum
809 1714 912 1784 fugatos
929 1732 988 1768 esse

83 1783 204 1850 cognovit
226 1784 320 1839 urbem
332 1800 349 1834 a
360 1798 390 1834 se
402 1789 584 1835 conservatam
597 1784 684 1834 intrat.

121 1855 161 1904 12.
180 1821 303 1904 lldedium
321 1850 429 1920 Cydnus
446 1851 539 1919 amnis,
553 1851 586 1903 de
598 1867 649 1920 quo
661 1850 738 1920 paulo
750 1860 812 1905 ante
824 1852 926 1905 dictum
939 1864 987 1920 est,

83 1920 216 1989 interfluit,
236 1931 263 1972 et
281 1929 344 1973 tunc
360 1929 449 1972 aestas
469 1929 532 1988 erat,
551 1919 627 1990 cujus
645 1919 715 1972 calor
731 1935 784 1973 non
803 1920 883 1973 aliam
904 1922 989 1989 magis

82 2007 165 2058 quam
181 1988 292 2042 Ciliciae
308 2005 380 2041 oram
397 2005 492 2057 vapore
509 1988 572 2040 solis
588 1988 718 2058 accendit,
731 1997 758 2041 et
774 1988 828 2042 diei
844 1990 986 2044 fervidissi-

82 2075 158 2113 mum
171 2068 276 2128 tempus
287 2058 448 2127 exceperat.a
476 2057 588 2110 Pulvere
601 2057 679 2110 simul
691 2074 724 2111 ac
735 2057 830 2112 sudore
842 2059 990 2128 perimam

83 2145 111 2179 rs
146 2145 175 2181 m
198 2128 319 2191 invitarit
341 2127 426 2196 liquor
446 2127 569 2196 fluminis,
592 2136 620 2180 ut
643 2127 760 2180 calidum
782 2128 871 2182 adhuc
894 2145 987 2198 corpus

82 2195 117 2249 ab
127 2206 211 2250 neret.
255 2197 347 2267 Itaque
365 2205 439 2248 veste
457 2195 576 2265 deposita
594 2197 621 2251 in
638 2205 780 2266 conspectu
799 2198 913 2267 agminis
931 2199 987 2269 (de-

82 2281 173 2319 corum
191 2282 295 2335 quoque
307 2267 422 2318 futurum
436 2274 515 2333 ratus,
528 2267 552 2319 si
563 2264 722 2319 ostendisset
734 2266 795 2333 suis,
807 2266 861 2320 levi
874 2275 901 2320 et
912 2283 986 2337 para·

82 2333 129 2386 bili
140 2334 212 2387 cultu
225 2335 359 2403 corporis¹⁰
371 2351 399 2386 se
413 2350 472 2386 esse
489 2334 661 2403 contentum),
674 2332 811 2389 descendit
831 2338 858 2388 in
873 2335 986 2401 flumen.

82 2402 187 2472 Vixque
205 2404 314 2470 ingressi
333 2403 418 2456 subito
435 2402 538 2454 horrore
553 2413 625 2455 artus
639 2405 725 2470 rigere
741 2412 892 2474 coeperunt,
905 2403 988 2473 pallor

112 2511 119 2533 ¹
131 2505 155 2550 A
166 2503 213 2552 line
225 2519 267 2551 use
279 2504 307 2552 os
318 2504 359 2551 the
370 2503 531 2570 subjunctive.
564 2503 611 2550 See
624 2502 703 2570 Grom.
713 2502 727 2553 l
736 2506 787 2570 369,
800 2509 822 2552 3.

110 2563 194 2611 'Both
205 2563 286 2622 places
297 2577 336 2625 are
348 2561 485 2610 mentioned
497 2564 528 2621 hy
540 2562 632 2609 Homer
648 2576 672 2607 ιιι
687 2561 728 2609 the
744 2560 806 2609 Iliad
821 2579 848 2610 es
863 2562 935 2624 being
951 2564 986 2612 in·

82 2621 180 2671 habited
191 2624 224 2682 by
236 2621 365 2678 Ciliciens3
382 2619 429 2668 and
444 2620 493 2668 this
508 2621 529 2668 is
545 2619 577 2667 all
593 2619 655 2667 their
665 2620 767 2678 poetical
778 2621 902 2680 celebrity.
933 2622 985 2672 Bri·

80 2681 139 2738 seis,
152 2681 193 2729 the
204 2680 306 2729 beloved
316 2679 344 2727 os
350 2679 469 2734 Achilles.
481 2694 532 2726 was
543 2695 557 2726 a
567 2679 647 2726 native
658 2676 686 2726 of
697 2677 841 2739 Lyrnessos.

44 2782 47 2787 .
110 2745 120 2770 ⁸
132 2741 181 2788 ‘At
191 2755 223 2788 no
233 2740 302 2788 other
313 2739 447 2802 timemore
455 2737 472 2794 ;'
490 2737 542 2785 that
553 2737 582 2793 is,
595 2736 725 2797 especially
736 2753 767 2786 on
777 2738 829 2786 that
840 2741 957 2789 occasion.

110 2804 120 2828 ⁴
131 2799 202 2868 {The
210 2799 268 2858 path
276 2797 384 2857 scarcely
392 2796 521 2856 permitted
531 2796 584 2844 four
592 2797 674 2844 armed
682 2812 738 2845 men
747 2807 771 2844 to
780 2801 861 2847 march
869 2801 983 2857 abreast,‘

80 2859 262 2908 or‘rnerow.’

110 2926 118 2949 ¹
130 2918 172 2966 ‘N
174 2932 286 2966 umerous
296 2916 397 2964 rivnlets
408 2915 514 2974 meeting
524 2914 565 2962 the
577 2914 689 2962 traveller
699 2914 756 2963 here
768 2916 813 2965 and
825 2917 908 2965 there!

109 2976 195 3025 ‘That
206 2977 235 3030 is,
251 2976 312 3023 ‘had
324 2977 385 3023 been
395 2983 449 3022 sent
460 2982 484 3021 to
495 2973 552 3021 take
563 2974 702 3032 possession
711 2974 739 3022 of
750 2976 792 3025 the
802 2976 917 3036 heigbts.’

111 3035 192 3084 'Also
206 3035 312 3084 Tarsum.
345 3034 391 3081 See
405 3033 484 3080 Grani.
496 3033 557 3088 lod,
570 3041 626 3079 note
637 3036 659 3080 6.
725 3070 729 3079 ,

109 3099 117 3124 ·
130 3094 199 3142 ‘Had
209 3097 239 3142 be
258 3110 289 3142 un
297 3096 314 3152 ς’
328 3092 439 3151 literally,
453 3091 512 3139 ‘had
522 3090 651 3148 received,’
662 3107 689 3140 or
699 3096 706 3119 ‘
712 3091 843 3150 followed,’
854 3093 894 3140 the
905 3093 981 3142 cooler

80 3154 139 3201 time
150 3153 178 3201 ol
189 3153 231 3201 the
240 3111 296 3213 day.
438 3210 443 3219 .
889 3210 894 3220 1

109 3212 190 3260 'This
206 3212 328 3272 participle
345 3212 365 3260 is
381 3209 512 3270 applicabis
528 3208 585 3269 only
597 3219 623 3256 to
637 3210 679 3259 the
694 3210 766 3258 latter
775 3212 941 3269 substantive3
958 3222 979 3259 rr

79 3271 122 3320 the
137 3270 225 3320 former
238 3287 275 3319 we
291 3280 355 3319 must
371 3269 458 3329 supply
469 3284 484 3317 s
497 3283 563 3317 more
577 3269 674 3330 general
689 3279 761 3326 term,
776 3269 911 3327 ‘covered’
927 3271 979 3319 ‘be-

78 3329 484 3439 mhffffifffflmm’m
574 3382 581 3398 ,Ι
611 3334 613 3339 “
