2274 3772
115 37 154 95 to
380 53 420 94 nrt
443 53 548 95 araris
568 53 751 93 stannum.

114 161 199 216 solum
211 162 267 230 regi
279 169 312 232 te,
326 160 373 215 sed
386 161 468 216 etiam
482 171 525 215 tuo
537 161 660 214 scribere.
697 160 739 215 Ad
752 161 821 214 hanc
832 161 1021 232 perferendam

113 230 277 301 Thersippus
287 240 328 284 est
340 231 446 284 missus.
999 225 1012 255 ⁰

148 305 172 352 ³.
190 301 292 371 Ipse'in
304 301 453 354 Phoenicen
471 300 617 369 deseendit,
630 307 657 352 et
674 299 802 378 oppidum
819 300 921 370 Byblon
940 301 1031 354 tradi.

113 379 171 425 tum
190 370 296 440 recepit.
332 369 449 423 Indead
468 370 563 424 Sidona
581 378 758 437 ventumfest,
775 370 868 423 urbem
888 379 1021 423 vetustate

112 438 237 508 famaque
268 439 432 493 conditorum
462 440 589 493 inolitam.
633 439 770 507 Regnabat
798 441 823 491 in
857 457 889 492 ea
917 440 1021 509 Strato,¹

113 509 191 563 Darei
202 508 296 578 opibus
306 508 420 579 adjutus,
434 509 484 562 sed·
493 509 556 577 quia
573 507 736 561 deditionem
749 510 833 576 magis
845 509 1019 578 popularium,

112 594 191 658 quarn
216 595 264 631 soa
286 587 379 648 sponte
402 578 510 648 iecerat,
534 594 614 646 regno
636 578 710 630 risus
733 578 861 647 indignus,
884 578 1021 646 Hephaes-

111 647 228 717 tionique
251 649 419 717 permissum,
440 657 477 716 nt,
498 665 578 716 quem
603 663 635 698 eo
656 647 771 715 lastigio²
792 665 807 699 e
827 648 940 700 Sidoniis
962 648 1020 716 dig·

112 716 251 770 nissimum
269 717 438 771 arbitraretur
454 717 622 770 constitueret
642 733 740 784 regern.
778 719 859 770 Erant
882 717 1019 786 Hephaes-

112 786 190 839 tionis
207 786 324 856 hospites
341 786 405 840 olari
423 788 489 848 inter
508 802 569 840 suos
590 785 715 855 juvenes:
741 787 785 856 qui
804 787 874 838 sacta
892 786 957 856 ipsis
975 805 1020 856 po-

112 863 207 909 testate
227 856 360 926 regnandi,
380 866 550 926 negaverunt,
566 871 729 924 quemquam
749 856 833 926 patrio
854 873 925 909 more
947 857 972 908 in
993 857 1019 910 id

111 923 360 995 fastigiumreoipi,
385 926 437 980 nisi
460 926 532 994 regia
556 925 637 994 stirpe
660 935 754 978 ortum.
790 925 944 977 Admiratus
967 927 1020 978 He·

112 993 249 1074 phaestion
274 995 483 1064 magnitudinem
511 995 592 1046 animi
621 996 775 1062 spernentis,
800 995 868 1063 quod
897 994 942 1046 alii
971 1003 1020 1064 pet

112 1076 188 1132 ignes
198 1063 349 1134 ferrumque
368 1073 495 1135 peterent,
509 1064 562 1116 Vos
579 1063 688 1132 quidem
707 1064 786 1116 macti
806 1064 910 1133 virtute,
925 1063 1018 1133 inquit,

112 1141 202 1214 estote,
223 1134 270 1203 qui
293 1134 371 1204 primi
390 1133 566 1202 intellexistis,
587 1142 689 1201 quanto
705 1133 792 1202 majus
811 1142 881 1185 esset
907 1151 1019 1200 regnum

111 1201 236 1272 fastidire,
260 1220 341 1272 quarn
364 1205 495 1272 accipere.
543 1203 665 1256 Ceterum
694 1202 758 1254 date
785 1203 900 1272 aliquem
928 1203 1018 1270 regiae

111 1273 205 1342 stirpis,
219 1272 264 1393 qui
275 1273 444 1341 meminerit,³
455 1288 472 1324 a
485 1272 558 1324 robis
574 1271 830 1341 aceeptum'habere
850 1290 878 1324 se
898 1290 1017 1341 regnum.

111 1343 198 1411 Atque
222 1341 268 1410 ili,
292 1360 355 1395 cum
379 1343 476 1396 multos
498 1341 638 1394 imminere
667 1350 756 1394 tantae
784 1342 841 1410 spei
869 1354 1017 1411 cernerent,

111 1410 221 1478 'singulis
239 1412 384 1465 amicorum
404 1411 547 1464 Alexandri
568 1410 602 1463 ob
623 1410 732 1463 nimiam
751 1411 824 1478 regni
844 1411 1020 1480 cupiditatem

110 1480 256 1549 adulantes,
277 1488 401 1550 statuunt,
422 1481 557 1534 neminem
581 1497 640 1532 esse
663 1481 801 1549 potiorem⁴
823 1498 904 1549 quam
927 1481 1018 1534 Abda·
1072 1511 1073 1514 =

111 1549 247 1620 lonymum
268 1549 410 1621 quendam,
431 1551 508 1618 longa
527 1550 635 1619 quidem
657 1550 904 1619 cognationestirpi
928 1551 1017 1604 rectas

110 1635 251 1688 annexum,
265 1620 312 1687 sed
324 1617 358 1673 ob
370 1619 484 1689 inopiam
498 1619 676 1673 suburbanum
694 1619 796 1672 hortum
816 1620 913 1688 exigua
930 1590 1019 1674 coien-

110 1697 167 1742 tem
187 1689 274 1758 stipe.⁵
310 1689 397 1743 Causa
416 1689 441 1742 ci
461 1688 628 1811 paupertatis,
650 1689 718 1742 sicut
741 1688 881 1759 plerisque,
901 1689 1019 1759 probitas

110 1767 182 1829 erat,
209 1758 378 1830 intentusque
407 1761 479 1829 operi
525 1759 605 1828 inmo,
633 1759 770 1827 strepitum
798 1775 939 1828 armorum,
970 1761 1017 1829 qui

109 1836 191 1882 totam
204 1830 297 1883 Asiam
309 1838 483 1899 concusserat,
497 1845 548 1881 non
561 1827 729 1881 exaudiebat.

143 1904 168 1950 4.
187 1898 277 1952 Subito
297 1899 393 1964 deinde
409 1899 443 1951 de
460 1899 557 1969 quibus
571 1906 632 1955 ante
650 1897 752 1950 dictum
770 1897 831 1966 est,⁶
847 1914 908 1950 cum
928 1914 955 1949 re
975 1898 1019 1951 iae

109 1967 191 2019 vestis
202 1968 358 2036 insignibus⁷
370 1967 473 2020 hortum
493 1969 594 2036 intrant,
608 1984 688 2036 quern
706 1967 771 2019 forte
790 1967 892 2020 steriles
909 1915 1020 2022 herhas⁸

109 2035 212 2104 eligens
234 2035 437 2106 Abdalonymus
461 2037 626 2106 repurgabat.
662 2037 730 2090 Tum
755 2053 816 2104 rege
840 2052 871 2088 eo
895 2036 1017 2107 salutato,

108 2104 175 2158 alter
194 2121 228 2159 ex
247 2105 303 2159 his:
328 2105 449 2176 Habitus,
471 2106 562 2174 inquit,
587 2106 630 2158 hic
654 2106 755 2174 vestis,⁰
774 2123 855 2174 quern
880 2107 967 2158 cernis
989 2106 1019 2160 in

108 2175 179 2228 meis
206 2175 336 2256 manibus,
362 2191 423 2228 curn
453 2175 501 2227 isto
530 2175 650 2244 squalore
678 2175 869 2255 permutandus
896 2175 941 2227 tibi
966 2186 1019 2232 est.

109 2243 197 2298 Ablue
215 2261 310 2315 eorpus
328 2244 420 2298 illuvie
437 2245 611 2314 aeternisque
623 2244 741 2298 sordibus
759 2244 925 2313 squalidum:
938 2245 1019 2315 'cape

109 2313 179 2382 regis
200 2313 327 2383 animum,
348 2324 374 2368 et
399 2315 426 2369 in
450 2332 511 2367 eam
530 2313 669 2383 fortunam,
690 2331 743 2384 qua
761 2315 857 2388 dignus
878 2331 915 2380 es,
937 2313 1019 2370 istam

137 2421 144 2443 ¹
157 2414 282 2476 Certainly
291 2415 432 2464 stillarent
448 2412 537 2475 person
550 2413 611 2463 from
626 2414 667 2462 the
684 2415 765 2463 Strato
780 2415 918 2463 mentioned
933 2415 958 2463 in
975 2417 1018 2466 the

108 2473 160 2522 first
171 2475 277 2534 chapter.
309 2475 363 2523 The
375 2474 476 2523 nemeis
488 2491 502 2523 a
512 2490 624 2523 common
634 2489 688 2526 ono.

136 2537 147 2562 ²
159 2533 277 2594 ‘Highest
288 2535 392 2593 position
402 2549 429 2582 or
439 2533 548 2594 dignrty.’
706 2585 709 2589 ,

136 2593 275 2662 ⁸‘Oneflol
285 2593 345 2641 such
361 2609 375 2640 a
391 2594 514 2640 character
529 2608 555 2640 as
571 2601 596 2640 to
611 2593 765 2648 remember,’
783 2593 806 2640 in
821 2592 893 2641 order
903 2593 955 2641 that
967 2609 1019 2655 you

109 2651 479 2818 ‘ztttlttttttttltuttt
490 2651 815 2771 tttltttutttltttt
838 2710 922 2760 aaa
936 2723 1019 2764 want,

109 2779 118 2816 t
137 2779 325 2898 pprpptqrqmss
333 2828 444 2885 reward‚’
453 2844 480 2876 or
490 2829 562 2877 ‘with
572 2832 615 2877 but
624 2829 684 2877 little
691 2828 778 2889 prolit.’
805 2829 860 2877 'I'he
869 2829 1019 2898 nominative

111 2889 172 2956 str'ps¹
180 2904 201 2936 rs
212 2899 253 2936 not
264 2904 289 2935 1n
299 2904 351 2944 use,
365 2888 407 2936 but
418 2888 521 2947 perhaps
530 2888 561 2935 all
573 2889 613 2936 the
624 2888 694 2936 other
704 2903 780 2937 cases.
812 2889 848 2937 Its
860 2904 972 2952 meaning
983 2891 1015 2948 is,

112 2953 140 2997 ‘a
150 2962 217 3007 prece
227 2945 256 2994 cl
262 2947 368 3006 money,’
379 2961 408 2994 or
420 2952 426 2973 ⁴
436 2949 531 3006 money'
542 2948 567 2994 in
577 2948 618 2995 the
629 2962 695 2996 more
704 2947 797 2996 limited
804 2962 883 2996 sense.
908 2947 1018 3001 Petronia

108 3007 152 3056 has
163 3022 178 3055 a
187 3006 262 3055 wider
272 3005 432 3068 signification
443 3007 500 3054 than
510 3008 577 3069 steps.

136 3073 145 3096 ⁸
156 3065 249 3126 Supply
259 3067 279 3114 ii
288 3081 315 3113 as
326 3065 468 3113 antecedent
479 3076 504 3113 to
513 3068 606 3133 quibas,
616 3066 661 3114 and
674 3081 700 3114 as
711 3065 752 3114 the
763 3067 857 3126 subiect
868 3068 1008 3118 reintrant.

137 3125 219 3173 ’'I'his
229 3125 250 3173 is
261 3124 353 3185 merely
363 3140 377 3172 a
388 3124 531 3183 periphrasis
542 3124 579 3172 sor
587 3141 639 3174 com
649 3128 714 3188 regio
725 3134 793 3175 ceste.

135 3183 227 3242 ·This‚
240 3199 267 3233 or
277 3182 456 3240 wineberbus,
469 3184 490 3232 is
501 3183 541 3232 the
552 3185 692 3245 expression
703 3183 739 3233 sor
752 3185 865 3234 ‘weeda’

136 3248 145 3272 ⁸
156 3243 210 3296 'tue
219 3243 382 3293 combination
391 3245 483 3292 tandm
494 3245 565 3292 vestis
576 3243 597 3291 is
608 3244 668 3292 used
679 3253 704 3292 to
714 3259 814 3304 express
824 3261 839 3294 a
848 3244 913 3294 fixed
928 3244 1019 3298 tenuat

108 3301 167 3352 kind
176 3303 206 3353 oi
215 3303 293 3362 dress,
304 3319 332 3353 aa
342 3303 400 3352 hera
408 3303 450 3352 the
461 3301 528 3364 royal
537 3305 617 3352 robes.
648 3301 695 3352 Sea
705 3302 740 3352 iii.
751 3307 774 3361 6,
785 3307 809 3353 3.
