2274 3772
397 257 398 260 Ἴ
458 185 550 227 ursas
570 187 598 227 v.
677 217 679 227 .
928 173 983 233 tat

75 296 177 365 Itaque,
198 294 354 363 Pessimum,
373 294 465 362 inquit,
481 294 655 366 mancipium,
669 295 809 366 repperisti
826 304 982 367 exoptatum

75 365 126 419 tibi
146 374 261 433 tempus,
278 380 330 433 quo
350 364 530 432 parricidium¹
549 365 682 435 aperires!
708 365 852 435 strictoque
872 366 982 420 acinace

75 434 264 489 interfecturus
272 451 333 486 eum
343 432 504 503 videbatur,²
515 435 542 486 ni
555 451 665 505 propere
677 434 774 488 Bessus
786 435 981 507 Bactrianique,

74 504 275 574 deprecantium
294 503 392 572 specie,
410 511 537 572 ceterum,
552 505 573 558 si
591 513 780 575 perseveraret,
793 505 916 575 vincturi,
934 506 981 558 cir·

74 573 283 627 cumstetissent.
318 572 490 626 Nabarzanes
508 573 614 627 interim
632 574 746 644 elapsus,
759 591 822 628 mor
840 582 867 628 et
885 575 983 630 Bessus

75 651 240 710 consecutus,
254 642 351 711 copias,
364 641 462 710 quibus
473 651 619 711 praeerant,
632 661 649 694 a
661 651 749 696 cetero
769 644 888 698 exercitu
906 662 979 698 sece·

74 710 138 766 dere
149 713 250 783 jubent,
264 720 394 764 secretum
408 712 498 765 inituri
511 712 659 765 consilium.
694 713 844 766 Artabazus
856 715 980 768 couveni-

74 791 166 835 eutem
178 781 308 851 praesenti
321 780 440 833 fortunae
454 782 612 834 sententiam
624 799 705 850 orsus,
719 782 841 850 mitigare
854 784 979 853 Dareum,
993 829 995 832 ,

74 859 223 920 temporum
242 850 387 903 identidem
406 850 560 919 admonens,
574 852 675 920 coepit:
695 851 774 905 ferret
792 869 878 921 aequo
889 854 980 907 animo

92 921 299 989 ualiumcunque
327 937 432 973 suornm
450 921 560 989 tamen,³
572 920 614 972 vel
633 920 780 990 stultitiam,
794 922 837 974 vel
855 939 979 976 errorem.

72 938 175 1045 instare
186 959 367 1043 Alexandrum
379 1006 495 1056 gravem,
509 991 615 1042 etiarnsi
633 1007 727 1044 ornnes
743 1002 846 1059 praesto
864 1001 953 1044 essent
962 995 980 1044 :⁴

72 1060 138 1130 quid
150 1058 275 1128 futurum,
289 1061 311 1112 si
329 1059 459 1128 persecuti
477 1059 569 1128 fugam
587 1059 671 1128 ipsius
687 1059 855 1113 alienenturl
891 1064 979 1129 Aegre

108 1129 158 1184 ruit
170 1129 309 1197 Artabazo,
322 1137 349 1180 et
367 1144 530 1197 quamquam
549 1146 656 1181 movere
673 1138 762 1182 castra
777 1138 912 1200 statuerat,
926 1140 979 1183 tur·

109 1199 144 1252 tis
161 1207 251 1251 tamen
268 1199 387 1251 omniurn
408 1198 512 1266 animis,
529 1198 625 1251 eodem
645 1199 671 1251 in
690 1197 748 1251 loco
766 1199 890 1252 substitit.
926 1200 978 1254 Sed

71 1268 208 1323 attonitus⁵
230 1268 363 1320 maestitia
393 1267 472 1320 simul
496 1275 523 1320 et
546 1268 731 1337 desperatione
755 1267 925 1321 tabernaculo
949 1287 978 1322 se

72 1337 187 1392 inclusit.
224 1338 293 1405 Ergo
311 1338 337 1389 in
356 1338 455 1406 castris,
475 1354 543 1405 quae
565 1337 664 1392 nullius
682 1337 841 1406 regebantur
859 1338 978 1409 irnperio,

72 1407 142 1463 varii
165 1407 313 1461 animorum
336 1417 424 1460 motus
444 1414 526 1476 erant,
545 1424 595 1460 nec
616 1408 642 1460 in
666 1423 819 1477 commune,
838 1416 866 1460 ut
890 1416 977 1477 antea,

71 1476 267 1530 consulebatur.
303 1477 364 1536 Dux
375 1477 535 1529 Graecorum
554 1475 671 1530 militurn
689 1477 784 1529 Patron
796 1493 871 1529 arma
882 1493 978 1546 capere

71 1564 135 1619 suos
161 1545 245 1616 jubet,
269 1556 425 1616 paratosque
455 1563 514 1599 esse
543 1546 578 1598 ad
608 1546 796 1615 exequendum
825 1547 977 1615 imperium.

72 1617 171 1670 Persae
189 1624 369 1669 secesserant:
389 1616 486 1669 Bessus
503 1632 565 1668 curn
583 1615 730 1669 Bactrianis
741 1623 805 1684 erat,
818 1615 977 1685 temptabat·

69 1703 123 1756 que
142 1685 236 1738 Persas
252 1685 392 1754 abducere,
414 1686 507 1738 Bactra
525 1694 551 1738 et
569 1686 682 1738 intactae
701 1684 815 1753 regionis
833 1685 977 1755 cpulenta,⁸

71 1755 205 1825 simulque
228 1772 297 1824 quae
315 1756 496 1808 ¹manentibus
524 1754 652 1808 instarent
680 1753 806 1825 pericula,
830 1763 976 1807 ostentans.

51 1845 54 1849 ’
71 1826 211 1879 Persarum
232 1825 353 1878 omnium
376 1824 472 1876 eadem
492 1823 549 1876 sere
570 1823 619 1876 suit
639 1841 697 1892 vorr,
716 1823 793 1876 nefas
811 1841 870 1876 esse
888 1824 977 1876 deseri

70 1912 171 1964 regem.
207 1895 278 1947 Inter
290 1894 357 1946 baec
369 1893 517 1946 Artabazus
528 1893 651 1946 omnibus
663 1892 838 1962 imperatoriis
850 1892 977 1960 iungeba-

70 1974 112 2018 tur
129 1963 239 2017 officiis:
266 1963 322 2016 11113τ
341 1962 480 2015 Persamm
506 1961 676 2014 tabernacula
699 1962 846 2030 circumire,
871 1961 976 2031 hortari,

69 2050 179 2088 monere
202 2049 273 2085 nunc
295 2032 419 2102 singulos,
444 2048 514 2084 nunc
537 2031 681 2100 universos,
706 2047 758 2083 non
781 2039 851 2083 ante·
866 2030 976 2101 destitit,

69 2121 151 2173 quarn
164 2103 227 2155 satis
238 2110 368 2155 constaret
380 2102 510 2172 imperata
522 2101 644 2153 facturos.
682 2099 758 2152 Idem
769 2112 849 2168 aegre
861 2116 878 2151 a
890 2100 987 2154 Dareo.

69 2173 227 2242 impetravit,
242 2181 270 2225 ut
282 2172 370 2224 cibum
383 2181 498 2242 caperet,
511 2172 685 2240 animumque
698 2169 777 2223 rebus
789 2169 949 2223 adverteret.

106 2247 147 2294 28.
165 2244 201 2295 At
213 2242 310 2294 Bessus
322 2251 348 2295 et
360 2242 540 2311 Nabarzanes,
553 2239 615 2293 olim
627 2240 756 2308 agitatum
773 2238 861 2292 scelus
879 2238 976 2309 exequi

70 2318 197 2376 statuunt,
219 2311 292 2378 regni
311 2312 457 2380 cupiditate
479 2313 601 2364 accensi:
628 2311 714 2363 Dareo
733 2318 825 2362 autern
848 2307 976 2362 incolumi

69 2390 157 2433 tantas
174 2395 239 2448 opes
257 2397 361 2449 sperare
379 2398 429 2433 non
450 2390 578 2450 poterant.
614 2379 718 2448 Quippe
737 2379 764 2429 in
784 2377 836 2430 illis
852 2377 977 2445 gentibus

20 2448 23 2453 ’
69 2465 163 2518 regum
181 2449 279 2501 eximia
295 2449 423 2519 majestas
440 2461 496 2502 est:
516 2449 549 2502 ad
562 2464 658 2501 nomen
671 2447 787 2516 quoque⁸
798 2446 903 2514 barbari
915 2461 975 2499 con·

98 2614 106 2637 ¹
116 2613 126 2676 j
135 2606 261 2675 Traason)
287 2606 341 2654 'I'ba
351 2606 418 2692 king,
429 2606 559 2687 according,
566 2616 591 2654 to
603 2605 697 2654 Roman
707 2621 791 2666 usage,
801 2607 860 2657 calls
869 2607 976 2671 adesign

68 2666 412 2774 agffinfiqquqppprpplvpelqislqu
421 2666 650 2784 iiiiiinitnibpeared!
677 2724 724 2771 See
735 2725 813 2793 Grani.
822 2725 897 2783 1216,
909 2736 974 2778 note.

77 2803 80 2807 ·
96 2790 106 2815 ⁸
118 2785 187 2833 ‘The
201 2784 261 2844 folly
271 2799 298 2853 cr
308 2800 373 2853 error
383 2784 411 2832 of
423 2799 487 2839 men,
500 2785 564 2840 wbo,
575 2783 701 2832 whatever
712 2783 775 2832 then
784 2785 897 2844 conduct,
909 2801 974 2837 wera

68 2844 233 2893 nevertheless
245 2843 295 2891 strll
305 2844 343 2892 hrs
354 2845 478 2904 subjecte!

96 2909 106 2932 ⁴
115 2903 216 2952 Praesto
226 2920 286 2958 sunt,
302 2908 307 2929 ¹
316 2903 328 2951 1
339 2919 379 2951 arn
389 2903 505 2962 present‚'
518 2901 645 2960 therefore,
660 2901 748 2963 'ready
758 2911 783 2951 to
793 2902 867 2964 help!
899 2905 973 2972 Com·

67 2978 124 3054 mii
132 2962 325 3078 garriiblnildiv’riil
338 3037 364 3068 or
377 3023 464 3089 ‘borne
475 3021 565 3077 down,’
578 3020 715 3127 equivalent
731 3029 757 3068 tc
768 3024 904 3084 perculsum
922 3023 975 3074 ssr'd

67 3080 455 3188 ''ttrtttltlttttlatt‘t
466 3080 731 3188 nmmum
744 3080 972 3202 {bibilla

67 3156 269 3268 tactaeqregicm'a.
301 3199 356 3247 The
371 3207 456 3246 neuter
466 3157 547 3258 opiiral
562 3157 652 3259 imi}
662 3175 799 3260 commonly
809 3199 870 3248 used
885 3199 910 3246 in
924 3198 974 3248 this

67 3261 218 3308 substantrve
229 3274 308 3307 sense.
340 3259 386 3306 See
398 3256 496 3316 Zumpt,
509 3258 592 3310 1435.-

96 3323 104 3346 ¹
118 3319 190 3374 ‘Ha’
203 3317 381 3379 emphaticully.
413 3318 460 3364 See
472 3318 569 3376 Zumpt,
582 3317 658 3368 1702.

87 3382 105 3447 υ·
118 3379 161 3426 ‘At
173 3377 215 3425 the
225 3393 284 3438 very
294 3393 365 3426 name
375 3375 404 3426 oi
415 3376 475 3438 king
483 3377 499 3434 ;’
512 3375 565 3425 that
576 3376 605 3434 is,
618 3392 646 3426 as
655 3391 716 3426 soon
727 3391 754 3426 as
764 3375 783 3426 it
793 3372 886 3432 issaid,
901 3373 972 3426 ‘The

67 3435 323 3499 ltmgcommandsit.’
370 3462 371 3467 =
736 3445 737 3448 ’
