2274 3772
130 110 191 168 -ltu
399 127 439 168 ns
462 126 569 168 nnsrrs
590 128 774 169 surranum.

131 238 203 290 sicae
221 237 309 308 regiae
332 253 380 307 par
397 237 507 291 deorum
530 237 664 308 potentiae
687 237 832 306 fastigium¹
849 239 1040 292 aemulabatur.

130 307 225 360 'Jaoere
249 308 325 361 humi
345 306 546 360 venerabundos
568 307 676 376 ipsum,²
696 307 878 378 paulatimque
902 309 1043 362 servilibus

132 376 284 430 ministeriis
304 385 341 430 tot
359 377 472 430 victores
494 377 616 444 gentium
639 376 757 430 imbuere
782 386 807 430 et
831 379 943 448 captivis
966 396 1044 448 pares

131 445 221 498 iacere
244 464 278 500 ex
297 446 394 499 etebat.
431 446 522 514 ltaque
549 463 711 516 purpureum
736 446 860 500 diadema
887 448 1043 500 distinctum

131 515 214 584 albo,i
228 463 307 585 quaie
326 517 428 569 Dareus
446 514 582 586 habuerat,
595 517 676 585 capiti
688 517 870 586 circumdedit,
885 529 1042 586 vestemque

132 584 268 638 Persicam
286 603 345 638 sum
365 586 406 654 sit,
426 602 459 638 ne
477 602 557 637 omen
574 585 684 655 quidem
702 587 810 655 veritus,
823 587 893 654 quod
909 587 1043 639 avictoris

131 653 279 722 insignibus
297 655 323 708 in
341 603 439 708 devicti
458 655 579 709 transiret
602 654 732 708 habitum.
769 656 803 708 Et
821 655 866 708 ille
885 674 913 709 se
932 656 1041 724 quidem

131 723 216 794 spolia
229 722 366 777 Persarum
378 734 484 794 gestare
496 724 615 777 dicebat:
629 725 676 777 sed
689 742 751 777 curn
765 725 816 777 illis
828 729 943 795 quoque⁴
956 743 1043 778 mores

132 792 260 864 induerat,
274 794 479 864 superbiamque
498 794 604 847 habitus
619 794 700 847 animi
720 794 860 847 insolentia
872 795 1039 864 sequebatur.

132 861 246 916 Litteras
268 880 372 933 quoqne
406 881 472 933 quas
495 864 520 916 in
545 864 678 943 Europam
702 866 824 934 mitteret,
850 866 947 917 veteris
969 865 1041 916 anuli

130 948 240 1002 gemma
262 903 426 1003 obsignairnt,
451 933 499 1003 his,
524 950 590 1002 quas
621 950 648 986 m
677 934 771 986 Asiam
801 933 936 1003 scriberet,
963 934 1041 986 Darei

131 1001 227 1055 anulus
244 1002 458 1072 imprimebatur,
476 1012 504 1056 ut
522 1011 667 1072 appareret,
688 1021 770 1056 unum
789 1004 910 1055 animum
929 1003 1042 1056 duorum

132 1086 183 1124 non
202 1087 298 1141 capere
317 1073 457 1125 fortunam.
493 1073 603 1126 Amicos
621 1090 682 1124 vero
700 1081 727 1125 et
745 1073 847 1143 equites
863 1072 902 1144 (hi
917 1074 1042 1141 namque⁵
1112 1131 1114 1135 ,

132 1140 265 1210 principes
287 1142 422 1213 militum),
446 1151 619 1211 aspamantes
642 1142 749 1212 quidem
774 1143 819 1195 sed
845 1159 965 1194 recusare
990 1158 1040 1194 uon

132 1226 218 1279 ausos,
238 1210 350 1264 Persicis
368 1221 506 1264 ornaverat
518 1212 644 1264 vestibus.
664 1261 665 1265 ,
681 1212 794 1265 Pellices
806 1212 871 1265 CCC
881 1220 907 1263 et
919 1212 970 1278 LX,
984 1211 1041 1263 toti·

132 1279 195 1334 dem
214 1290 276 1351 quot
294 1281 373 1334 Darei
391 1281 503 1351 fueraut,
523 1281 623 1350 regiam
642 1281 795 1352 implebant,
813 1298 880 1351 quas
894 1280 1039 1351 spadonum

131 1366 234 1420 greges,
246 1359 273 1403 et
285 1350 335 1418 ipsi
348 1350 488 1404 muliebria
499 1351 553 1420 pati
566 1351 673 1418 assueti,
687 1351 873 1421 sequebantur.

167 1424 209 1472 21.
231 1419 315 1472 Haec⁶
340 1420 403 1474 luxu
434 1429 460 1472 et
489 1421 633 1490 peregrinis
662 1421 761 1474 iniecta
790 1420 908 1474 moribus
938 1431 1041 1472 veteres

132 1487 247 1561 Philippi
271 1489 379 1559 milites,
402 1489 474 1553 rudis
493 1489 563 1543 natio
586 1490 620 1542 ad
644 1490 801 1560 voluptates,
826 1490 913 1560 palam
937 1506 1040 1542 aversa·

132 1557 233 1626 bantur,
248 1560 359 1628 totisque
376 1556 476 1612 castris
488 1576 556 1612 unus
573 1560 692 1613 omnium
711 1571 805 1613 sensus
821 1577 854 1613 ao
872 1576 957 1613 sermo
976 1568 1038 1627 erat,

131 1627 192 1698 pius
212 1628 342 1681 amissum
362 1628 472 1681 victoria
501 1638 584 1697 quam
602 1629 674 1682 bello
694 1647 754 1683 esse
795 1630 934 1682 uaesitum.
971 1631 1040 1681 Tum

131 1698 248 1751 maxime
268 1698 338 1751 vinci
362 1698 439 1768 ipsos,
460 1669 577 1768 dedique
600 1699 695 1752 alienis
718 1701 783 1754 mori
804 1717 835 1752 us
858 1708 884 1751 et
908 1699 1038 1752 extemis:

132 1774 221 1821 tantae
239 1784 329 1821 morae
347 1769 472 1838 pretium⁷
489 1767 586 1822 domos·
599 1770 674 1838 quasi
693 1771 720 1823 in
735 1769 838 1839 captivo
850 1768 942 1821 habitu
956 1784 1040 1820 rever-

131 1853 213 1890 suros.
244 1838 348 1892 Pudere
359 1837 414 1908 jam
427 1836 477 1890 sui.
509 1839 619 1906 Regem,
633 1840 710 1892 victis
722 1857 802 1910 quam
814 1837 957 1890 victoribus
969 1838 1040 1890 sirni-

131 1905 231 1977 liorem,
253 1925 287 1961 ex
307 1908 482 1962 Macedoniae
503 1908 659 1977 imperatore
683 1911 761 1962 Darei
785 1918 905 1977 satrapen
930 1907 1038 1959 factum.

131 1976 179 2030 llle
192 1994 242 2030 non
256 1978 361 2046 ignarus
373 1987 399 2031 et
413 1977 544 2046 principes
554 1979 701 2031 amicorum
717 1987 743 2031 et
759 1978 906 2031 exereitum
924 1978 1041 2044 graviter

130 2045 237 2115 offendi,
262 2048 375 2115 gratiam
401 2046 560 2100 liberalitate
585 2047 713 2117 donisque
740 2064 860 2118 reparare
884 2045 1038 2115 temptabat.

130 2114 190 2184 Sed,
204 2117 300 2184 opinor,
310 2115 402 2169 liberis
414 2117 528 2185 pretium
540 2118 674 2169 servitutis
686 2116 816 2186 ingratum
829 2124 877 2169 est.
914 2116 1040 2184 igiturne

131 2184 156 2238 in
170 2185 326 2238 seditionem
340 2202 382 2237 res
395 2188 540 2237 'verteretur
561 2187 645 2239 otium
659 2186 880 2256 interpellandum
893 2194 948 2236 erat
962 2185 1039 2253 bello,

130 2255 208 2325 cujus
227 2255 339 2308 materia
358 2264 501 2324 opportune
521 2225 661 2308 aiebatur.⁸
696 2257 818 2326 Namque
839 2255 944 2323 Bessus,
963 2263 1039 2307 veste

131 2329 204 2393 regia
216 2334 329 2395 sumpta,
344 2327 507 2390 Artaxerxen
520 2325 646 2394 appellari
660 2343 688 2378 se
702 2325 823 2394 jusserat,
837 2325 1001 2394 Scythasque
1014 2335 1039 2376 et

130 2404 233 2450 ceteros
244 2395 342 2448 Tanais
357 2395 462 2448 accolas
479 2395 659 2448 contrahebat.
696 2395 769 2448 Haec
782 2394 964 2448 Satibarzanes
977 2411 1040 2446 nun·

158 2556 166 2579 ¹
179 2551 317 2599 ‘Loitiness
325 2552 340 2599 τ’
351 2552 482 2612 fastigium
493 2546 596 2609 literally
607 2565 690 2597 means
698 2549 742 2618 ,the
753 2548 820 2609 ridge
831 2548 859 2596 os
869 2564 882 2595 a
893 2548 979 2616 house.
992 2547 1039 2594 and

130 2623 195 2657 more
212 2609 365 2670 particularly
377 2609 428 2656 that
440 2609 570 2669 triangular
581 2607 644 2668 penit
655 2608 735 2672 which
746 2622 797 2655 was
808 2608 850 2655 the
861 2607 967 2667 pecuhnr
978 2606 1039 2654 sorm

129 2666 344 2796 d’ffiffidadin}
351 2669 449 2775 tverildlilis
466 2727 588 2788 expetebat,
605 2726 649 2774 ‘he
661 2725 769 2783 desired;
788 2736 869 2774 strove
881 2726 950 2774 that.’
983 2724 1038 2772 The

129 2787 212 2833 verbal
228 2787 359 2854 adjectives
376 2802 399 2833 m
415 2788 507 2834 bandua
523 2786 634 2854 properly
645 2786 675 2833 do
690 2797 731 2833 not
748 2801 897 2854 governany
909 2801 978 2840 case3
996 2786 1039 2831 but

129 2844 402 2952 tltltttttitlttl
415 2845 476 2951 fiii
489 2843 1040 2956 1111111111”““Ῑ““““““ω””“θᾶ

157 2968 185 2992 Η
321 2963 326 2972 ’
409 2963 414 2972 “
452 2963 458 2985 l

157 3027 166 3051 ⁴
177 2963 236 3070 Tsheet
243 2962 480 3130 {dmiriieiolhlgesto
490 3040 571 3070 nterea.
598 3022 653 3071 The
662 3022 765 3082 position
773 3022 848 3083 ought
858 3022 976 3070 therefore
985 3035 1039 3080 pro·

128 3082 232 3191 peripto
260 3097 304 3150 aye
316 3082 378 3128 been
388 3098 460 3149 moras
472 3097 516 3141 quo
532 3099 568 3150 ae,
639 3140 644 3151 ι
707 3141 712 3150 ι

156 3139 1009 3269 2sititiltiizttlttt‘ss,iltuttitttttttt{⁶0itttii.³⁴⁵·

156 3265 165 3288 ¹
175 3261 204 3308 In
213 3270 348 3321 apposrtron
357 3268 382 3306 to
390 3258 431 3340 ,the
440 3257 557 3306 mfinruve
567 3276 771 3316 repercuterem
788 3264 828 3308 ‘as
839 3259 880 3308 the
889 3258 936 3308 due
946 3256 1040 3307 reward

129 3317 167 3409 foi
177 3317 391 3428 ‘'girodgcisiddagi
397 3375 478 3425 which
489 3377 633 3438 seasonsbly
645 3376 736 3427 offered
746 3375 828 3426 itself.¹
