2274 3772
467 197 468 200 Ἴ
486 147 578 189 arara
597 148 642 189 ur.
981 129 1017 188 te

110 263 281 327 praeceptum
299 264 340 311 est
358 273 374 310 a
392 273 462 327 rege,
475 264 503 311 ut
516 273 609 310 omnes
623 258 775 328 peregrinos
786 255 895 327 milites,
909 257 936 310 in
947 255 1018 327 quis¹

110 325 253 398 plurimum
264 326 381 380 habehat
393 326 457 396 spei,
470 342 487 379 a
498 326 669 381 Pharnabazo
681 327 823 397 acciperet,
832 342 912 395 opera
924 340 1017 379 eornm

110 412 206 449 usurus
217 396 244 450 in
256 395 340 450 bello:
354 396 412 466 ipse
424 395 594 449 Pharnabazo
604 396 682 450 tradit
694 397 844 467 imperium,
854 395 926 464 quod
937 402 1018 448 antea

110 464 250 519 Memnoni
265 465 396 519 dederant
429 465 545 520 Anxium
564 465 599 517 de
616 465 775 520 instantibus
792 465 870 534 curis,
882 464 1018 534 agitabant

111 537 193 588 etiam
211 552 259 605 per
278 552 402 589 somnum
421 535 526 614 species
543 534 742 588 imminentium
759 551 847 588 rerum
856 551 864 603 3
883 535 940 587 sire
957 532 1019 586 illas

111 605 255 685 aegritudo²
269 605 325 658 aive
337 604 462 657 divinatio
474 603 556 657 animi
567 603 757 674 praesagientis
769 603 902 656 accersit.³
927 604 1019 656 Castra

112 673 257 727 Alexandri
267 691 364 742 magno
377 674 384 726 i
423 675 445 726 is
457 673 559 742 fulgore
571 673 702 726 collucere
712 673 740 726 ei
750 674 807 726 visa
820 680 887 741 sunt,
901 681 928 726 et
940 672 1019 743 paulo

146 751 169 796 st
181 743 332 797 Alexander
343 742 377 796 ad
398 744 441 796 noi
452 741 487 795 ad
500 743 507 795 i
528 759 587 794 sum
600 742 627 795 in
639 743 761 796 eovestis
773 742 885 813 babitu,⁴
896 759 948 812 quo
961 742 1018 812 ipse

123 814 212 883 uisset,
231 828 300 892 equo
319 811 418 866 deinde
437 829 484 882 per
504 760 640 880 babylona
657 822 757 882 vectus,
775 813 861 866 subito
880 829 941 865 oum
962 811 1019 881 ipso

111 898 179 951 equo
192 882 277 935 oculis
289 899 349 935 esse
361 881 514 934 subductus.
550 880 590 934 Ad
610 880 679 934 haec
691 889 765 934 vates
776 881 849 935 varia
866 881 1018 950 interpreta-

111 954 183 1004 tione
201 968 293 1004 curam
310 951 508 1003 distrinxerunt:
527 949 573 1002 alii
590 948 690 1004 laetum
705 951 731 1004 id
744 951 800 1019 regi
812 950 944 1004 somnium
957 967 1018 1003 esse

111 1020 245 1091 dicebant,
264 1019 334 1089 quod
349 1029 438 1089 ¹castra
455 1018 570 1073 hostium
588 1020 721 1092 arsissent,
760 1020 811 1073 uod
828 1018 1017 1089 Alexandrum,

112 1090 232 1159 deposita
249 1090 322 1157 regia
334 1098 416 1158 veste,
435 1089 462 1142 in
474 1089 580 1142 Persico
592 1097 618 1141 et
632 1089 732 1158 vulgari
785 1089 843 1143 bitu
860 1090 1018 1159 perductum

113 1175 173 1211 esse
191 1158 309 1211 vidisset.
345 1159 461 1217 Quidam
479 1174 542 1210 vera
561 1159 771 1227 augurabantur:
791 1159 853 1228 qnip
873 1176 888 1211 e
908 1158 1019 1211 illustria

112 1226 294 1282 Macedonum
301 1237 388 1300 castra
396 1228 452 1280 risa
460 1227 590 1297 fulgorem
598 1227 749 1281 Alexandro
753 1177 924 1308 portendere:
937 1244 1018 1297 quem

112 1314 224 1365 regnum
233 1297 313 1350 Asiae
325 1306 515 1368 occupaturum
528 1313 595 1367 esse,
606 1296 675 1350 haud
687 1298 843 1367 ambrgere‚⁵
853 1297 978 1367 quoniam
991 1297 1018 1351 in

112 1366 207 1419 eodem
219 1365 311 1420 habitu
321 1368 423 1420 Dareus
433 1367 536 1436 suisset,
546 1383 609 1420 oum
617 1367 767 1438 appellatus
778 1374 819 1420 est
831 1367 897 1420 reu.⁰
922 1367 1019 1419 Vetera

111 1452 216 1506 quoque
234 1437 330 1507 omina,
344 1449 373 1490 ut
389 1435 452 1505 sere,
465 1436 613 1489 sollicitudo
631 1444 816 1489 revocaverat:
836 1436 1020 1490 recensebant⁷

111 1505 183 1558 enim
195 1506 312 1559 Dareum
324 1507 350 1559 in
362 1505 488 1576 principio
500 1505 606 1574 imperii
617 1507 741 1574 vaginam
753 1505 871 1559 acinacis
883 1506 1019 1559 Persicam

115 1573 225 1644 jussisse
242 1575 339 1628 mutari
357 1577 384 1628 in
402 1592 464 1628 eam
480 1575 666 1655 formamque
684 1575 778 1629 Graeci
796 1575 951 1645 uterentur,⁸
961 1591 1017 1645 pro·

112 1644 235 1713 linusque
248 1644 397 1697 Chaldaeos
415 1644 605 1714 interpretatos,
618 1645 759 1714 imperium
774 1645 915 1699 Persarum
926 1643 960 1696 ad
973 1660 1020 1698 eos

112 1713 290 1783 transiturum,
304 1731 415 1783 quorum
433 1722 507 1766 arma
525 1722 596 1767 esset
613 1714 739 1767 imitatus.
775 1714 900 1768 Ceterum
917 1714 976 1783 ipse
992 1721 1019 1766 et

111 1794 202 1835 vatum
215 1798 346 1854 responso,
359 1782 430 1852 quod
442 1782 571 1836 edebatur
584 1784 612 1836 in
623 1784 727 1852 vulgus,
741 1791 767 1836 et
779 1784 876 1853 specie,
890 1800 959 1853 quae
971 1799 1019 1852 per

111 1868 233 1933 somnum
252 1851 341 1974 {blata
359 1857 423 1925 erat,
436 1852 581 1906 admodum
598 1851 692 1923 laetus,
709 1862 794 1906 eastra
811 1852 845 1904 ad
864 1853 1019 1923 Euphraten

111 1937 213 1974 moveri
236 1939 251 1974 u
273 1930 308 1974 et.

146 1995 171 2042 7.
190 1941 276 2044 PaJtrio
296 2006 369 2044 more
390 1991 530 2044 Persarum
551 1990 677 2044 traditum
697 1999 739 2044 est
758 1999 812 2044 orto
832 1991 888 2043 sole
908 1991 1018 2044 demum

110 2060 262 2129 procedere.
299 2061 350 2114 Die
367 2059 423 2129 jam
437 2059 532 2113 illustri
545 2060 651 2129 signum
663 2078 679 2114 e
691 2060 860 2114 tabernaculo
872 2060 944 2128 regis
954 2061 1018 2113 buc-

79 2158 81 2162 *
111 2130 180 2182 ciua⁹
197 2130 316 2185 dabatur.
354 2129 437 2200 Super
455 2130 663 2199 tabernaculum,
678 2128 747 2183 unde
766 2130 800 2184 ab
817 2130 940 2184 omnibus
957 2146 1018 2183 con-

141 2235 148 2257 ¹
163 2228 223 2290 Quis
235 2230 255 2277 ia
266 2229 332 2277 often
342 2228 403 2278 used
411 2228 447 2276 for
454 2230 547 2290 quibus,
558 2229 660 2277 without
669 2245 716 2289 any
724 2228 853 2289 differenoe
862 2229 889 2276 ol
896 2230 1018 2290 meaning.

112 2286 135 2334 It
147 2287 167 2335 is
178 2287 234 2355 only
240 2288 377 2348 employed,
387 2288 509 2346 however,
520 2288 544 2336 ln
553 2288 594 2336 the
605 2288 704 2337 relative
713 2303 794 2345 sense,
804 2297 845 2336 not
856 2288 880 2335 in
891 2288 932 2336 the
944 2288 1017 2336 iuter·

112 2356 274 2464 ropppppiely,
282 2397 439 2453 tocommand
446 2405 487 2461 the
495 2405 561 2463 fleet,
569 2405 649 2453 which
656 2405 850 2454 westnoruisein
858 2404 898 2452 the
905 2405 1017 2464 Aegean,

112 2461 159 2510 and
170 2477 201 2509 on
211 2462 252 2510 the
263 2474 330 2511 coast
341 2464 368 2510 of
380 2465 442 2511 Asia
453 2463 543 2519 Minor,
556 2463 603 2512 and
618 2473 643 2511 to
657 2463 793 2512 endeavour
804 2474 829 2511 to
840 2463 910 2523 bring
920 2465 992 2510 about
1004 2479 1019 2512 a

112 2520 189 2570 revolt
200 2521 229 2569 of
236 2521 277 2569 the
288 2531 364 2570 states
375 2521 402 2570 of
410 2522 502 2570 Graece
513 2523 607 2582 against
618 2522 659 2570 the
671 2516 830 2570 Macedonian
841 2536 967 2580 supremae
985 2557 991 2569 .

141 2580 283 2630 'Accerserc
292 2581 339 2629 and
349 2598 465 2630 arcessere
474 2596 514 2628 are
531 2591 580 2627 two
595 2580 670 2628 forms
686 2580 714 2628 of
725 2581 766 2628 the
782 2596 849 2628 same
864 2582 930 2628 verb.
986 2581 1018 2629 lre

111 2640 260 2708 manuscript
275 2638 374 2700 reading
389 2640 415 2687 in
426 2639 526 2688 Curtius
542 2639 563 2687 is
579 2638 705 2700 decidedly
716 2639 757 2687 the
773 2639 875 2698 former3
892 2638 917 2688 in
931 2639 1018 2688 Cicero

112 2698 267 2806 ffissffirss
276 2713 349 2826 ἓῗῖιθο
354 2714 496 2805 0οὲῗέιέἓὲοῐ
504 2758 614 2830 outward
623 2757 683 2806 form
692 2757 720 2805 of
726 2756 849 2818 anything.
876 2757 898 2806 It
909 2758 1016 2807 issome·

111 2815 900 2936 thlelthbsigfiliritiizeldevdletdldsmovdoettlrlrsr’vlgrbh‘etfrixisgaidffrgrsliich
911 2886 975 2925 must
986 2878 1018 2925 ho

112 2933 186 2982 taken
196 2944 237 2982 out
248 2935 277 2982 os
283 2937 471 2996 augurabantur.
503 2935 549 2982 See
563 2935 642 2983 Gram.
654 2935 728 2991 l3l9,
742 2946 798 2983 note
808 2939 831 2983 2.

116 3044 119 3048 Δ
139 2998 148 3023 ⁸
161 2994 206 3040 ‘At
221 2993 263 3042 the
278 2994 337 3042 time
351 2993 423 3041 when
439 2993 469 3041 he
484 3009 534 3042 was
550 2993 678 3053 appointed
694 2993 769 3054 king!
802 2993 857 3042 'I'he
869 2995 927 3042 verb
942 3010 973 3041 ou
990 2993 1017 3041 ht

111 3052 232 3121 propert„
243 3053 316 3113 being
330 3052 355 3100 in
369 3052 410 3101 the
422 3055 496 3108 aratio
506 3055 605 3115 obliqua,
618 3062 643 3101 to
653 3053 715 3102 have
726 3055 787 3102 been
798 3053 823 3101 iu
833 3053 874 3101 the
885 3052 956 3112 plupe
978 3062 1018 3102 act

111 3111 416 3218 mpissffemr’efssffwm
428 3121 495 3159 aaran

140 3229 214 3297 .'T.¹¹⁰
251 3229 309 3278 reek
324 3207 404 3278 sword
420 3244 470 3277 was
486 3228 543 3290 long
558 3229 605 3278 and
619 3229 731 3291 straight,
748 3229 789 3277 the
805 3229 899 3277 ancient
917 3228 1018 3278 Persian

111 3288 354 3395 εῦῖῃίἰιῑῗὴίὴῖὶῐὲιιξὲἓ
364 3287 505 3407 illaesam,
519 3346 559 3396 the
574 3346 665 3408 signals
681 3346 717 3395 for
732 3347 823 3408 setting
838 3347 885 3397 and
900 3347 1021 3407 relieving

111 3405 228 3454 sentruels
238 3421 302 3455 were
314 3406 383 3454 made
394 3408 427 3466 by
438 3405 529 3454 ahorn.
