<?xml version="1.0" encoding="UTF-8"?>
<!DOCTYPE html PUBLIC "-//W3C//DTD XHTML 1.0 Transitional//EN"
    "http://www.w3.org/TR/xhtml1/DTD/xhtml1-transitional.dtd">
<html xmlns="http://www.w3.org/1999/xhtml" xml:lang="en" lang="en">
 <head>
  <title>
</title>
<meta http-equiv="Content-Type" content="text/html;charset=utf-8" />
  <meta name='ocr-system' content='tesseract 3.04.00' />
  <meta name='ocr-capabilities' content='ocr_page ocr_carea ocr_par ocr_line ocrx_word'/>
</head>
<body>
  <div class='ocr_page' id='page_1' title='image "./degestisalexand00rufugoog_0284.png"; bbox 0 0 2274 3772; ppageno 0'>
   <div class='ocr_carea' id='block_1_1' title="bbox 487 184 1020 242">
    <p class='ocr_par' dir='ltr' id='par_1_1' title="bbox 487 184 1020 242">
     <span class='ocr_line' id='line_1_1' title="bbox 487 184 1020 242; baseline 0.008 -4"><span class='ocrx_word' id='word_1_1' title='bbox 487 198 579 240; x_wconf 77' lang='lat' dir='ltr'>arsen</span> <span class='ocrx_word' id='word_1_2' title='bbox 598 201 641 240; x_wconf 85' lang='lat' dir='ltr'>rx.</span> <span class='ocrx_word' id='word_1_3' title='bbox 963 184 1020 242; x_wconf 73' lang='lat'>271</span> 
     </span>
    </p>
   </div>
   <div class='ocr_carea' id='block_1_2' title="bbox 112 307 1025 2509">
    <p class='ocr_par' dir='ltr' id='par_1_2' title="bbox 112 307 1025 1196">
     <span class='ocr_line' id='line_1_2' title="bbox 112 307 1024 379; baseline 0.001 -17"><span class='ocrx_word' id='word_1_4' title='bbox 112 325 212 379; x_wconf 78' lang='lat' dir='ltr'>perque</span> <span class='ocrx_word' id='word_1_5' title='bbox 224 317 251 362; x_wconf 89' lang='lat' dir='ltr'>et</span> <span class='ocrx_word' id='word_1_6' title='bbox 266 315 329 360; x_wconf 87' lang='lat' dir='ltr'>ntea</span> <span class='ocrx_word' id='word_1_7' title='bbox 346 308 372 360; x_wconf 91' lang='lat' dir='ltr'>in</span> <span class='ocrx_word' id='word_1_8' title='bbox 384 323 431 361; x_wconf 85' lang='lat' dir='ltr'>vos</span> <span class='ocrx_word' id='word_1_9' title='bbox 449 316 476 360; x_wconf 89' lang='lat' dir='ltr'>et</span> <span class='ocrx_word' id='word_1_10' title='bbox 494 309 519 360; x_wconf 93' lang='lat' dir='ltr'>in</span> <span class='ocrx_word' id='word_1_11' title='bbox 538 324 583 360; x_wconf 91' lang='lat' dir='ltr'>me</span> <span class='ocrx_word' id='word_1_12' title='bbox 595 319 683 362; x_wconf 82' lang='lat' dir='ltr'>vestra</span> <span class='ocrx_word' id='word_1_13' title='bbox 701 309 802 379; x_wconf 91' lang='lat' dir='ltr'>merita,</span> <span class='ocrx_word' id='word_1_14' title='bbox 814 307 914 378; x_wconf 88' lang='lat' dir='ltr'>quibus</span> <span class='ocrx_word' id='word_1_15' title='bbox 932 309 1024 363; x_wconf 83' lang='lat' dir='ltr'>invicti</span> 
     </span>
     <span class='ocr_line' id='line_1_3' title="bbox 112 377 1025 446; baseline -0.001 -14"><span class='ocrx_word' id='word_1_16' title='bbox 112 379 304 444; x_wconf 72' lang='lat' dir='ltr'><strong>contendimus,</strong></span> <span class='ocrx_word' id='word_1_17' title='bbox 317 394 362 430; x_wconf 87' lang='lat' dir='ltr'>oro</span> <span class='ocrx_word' id='word_1_18' title='bbox 373 393 531 446; x_wconf 74' lang='lat' dir='ltr'>quaesoque,</span> <span class='ocrx_word' id='word_1_19' title='bbox 545 394 579 428; x_wconf 88' lang='lat' dir='ltr'>ne</span> <span class='ocrx_word' id='word_1_20' title='bbox 591 377 767 431; x_wconf 85' lang='lat' dir='ltr'>humanarum</span> <span class='ocrx_word' id='word_1_21' title='bbox 779 395 875 431; x_wconf 66' lang='lat' dir='ltr'>vrerum</span> <span class='ocrx_word' id='word_1_22' title='bbox 898 381 1025 432; x_wconf 83' lang='lat' dir='ltr'>terminos</span> 
     </span>
     <span class='ocr_line' id='line_1_4' title="bbox 113 446 1023 518; baseline 0.001 -17"><span class='ocrx_word' id='word_1_23' title='bbox 113 449 259 501; x_wconf 85' lang='lat' dir='ltr'>adeuntum</span> <span class='ocrx_word' id='word_1_24' title='bbox 283 447 421 500; x_wconf 91' lang='lat' dir='ltr'>alumnum</span> <span class='ocrx_word' id='word_1_25' title='bbox 446 446 709 517; x_wconf 87' lang='lat' dir='ltr'>commilitonemque</span> <span class='ocrx_word' id='word_1_26' title='bbox 729 456 855 518; x_wconf 85' lang='lat' dir='ltr'>vestrum,</span> <span class='ocrx_word' id='word_1_27' title='bbox 875 464 910 500; x_wconf 91' lang='lat' dir='ltr'>ne</span> <span class='ocrx_word' id='word_1_28' title='bbox 933 448 1023 502; x_wconf 86' lang='lat' dir='ltr'>dicam</span> 
     </span>
     <span class='ocr_line' id='line_1_5' title="bbox 114 515 1023 587; baseline 0 -17"><span class='ocrx_word' id='word_1_29' title='bbox 114 534 211 587; x_wconf 84' lang='lat' dir='ltr'>regern,</span> <span class='ocrx_word' id='word_1_30' title='bbox 231 517 368 568; x_wconf 85' lang='lat' dir='ltr'>deseratis.</span> <span class='ocrx_word' id='word_1_31' title='bbox 405 516 499 569; x_wconf 80' lang='lat' dir='ltr'>Cetera</span> <span class='ocrx_word' id='word_1_32' title='bbox 518 515 594 569; x_wconf 84' lang='lat' dir='ltr'>vobis</span> <span class='ocrx_word' id='word_1_33' title='bbox 614 517 758 587; x_wconf 78' lang='lat' dir='ltr'>imperari3</span> <span class='ocrx_word' id='word_1_34' title='bbox 777 517 828 570; x_wconf 90' lang='lat' dir='ltr'>hoc</span> <span class='ocrx_word' id='word_1_35' title='bbox 847 534 930 570; x_wconf 90' lang='lat' dir='ltr'>unum</span> <span class='ocrx_word' id='word_1_36' title='bbox 950 517 1023 572; x_wconf 89' lang='lat' dir='ltr'>debi-</span> 
     </span>
     <span class='ocr_line' id='line_1_6' title="bbox 113 586 1021 656; baseline -0.001 -17"><span class='ocrx_word' id='word_1_37' title='bbox 113 596 186 639; x_wconf 82' lang='lat' dir='ltr'>turus</span> <span class='ocrx_word' id='word_1_38' title='bbox 198 587 277 639; x_wconf 88' lang='lat' dir='ltr'>sum.¹</span> <span class='ocrx_word' id='word_1_39' title='bbox 313 587 347 639; x_wconf 82' lang='lat' dir='ltr'>Et</span> <span class='ocrx_word' id='word_1_40' title='bbox 359 586 382 637; x_wconf 89' lang='lat' dir='ltr'>is</span> <span class='ocrx_word' id='word_1_41' title='bbox 394 602 440 638; x_wconf 84' lang='lat' dir='ltr'>vos</span> <span class='ocrx_word' id='word_1_42' title='bbox 452 602 521 653; x_wconf 90' lang='lat' dir='ltr'>rogo,</span> <span class='ocrx_word' id='word_1_43' title='bbox 534 586 580 654; x_wconf 93' lang='lat' dir='ltr'>qui</span> <span class='ocrx_word' id='word_1_44' title='bbox 592 586 657 638; x_wconf 88' lang='lat' dir='ltr'>nihil</span> <span class='ocrx_word' id='word_1_45' title='bbox 670 603 788 656; x_wconf 91' lang='lat' dir='ltr'>unquam</span> <span class='ocrx_word' id='word_1_46' title='bbox 800 587 877 640; x_wconf 86' lang='lat' dir='ltr'>vobis</span> <span class='ocrx_word' id='word_1_47' title='bbox 888 588 1021 656; x_wconf 88' lang='lat' dir='ltr'>praecepi,</span> 
     </span>
     <span class='ocr_line' id='line_1_7' title="bbox 113 655 1023 726; baseline -0.001 -17"><span class='ocrx_word' id='word_1_48' title='bbox 113 657 176 725; x_wconf 91' lang='lat' dir='ltr'>quin</span> <span class='ocrx_word' id='word_1_49' title='bbox 195 658 296 725; x_wconf 90' lang='lat' dir='ltr'>prirnus</span> <span class='ocrx_word' id='word_1_50' title='bbox 308 673 352 707; x_wconf 89' lang='lat' dir='ltr'>me</span> <span class='ocrx_word' id='word_1_51' title='bbox 365 655 488 723; x_wconf 89' lang='lat' dir='ltr'>periculis</span> <span class='ocrx_word' id='word_1_52' title='bbox 499 655 661 725; x_wconf 68' lang='lat' dir='ltr'>obtulerim,²</span> <span class='ocrx_word' id='word_1_53' title='bbox 671 657 716 726; x_wconf 92' lang='lat' dir='ltr'>qui</span> <span class='ocrx_word' id='word_1_54' title='bbox 734 673 780 709; x_wconf 84' lang='lat' dir='ltr'>sse</span> <span class='ocrx_word' id='word_1_55' title='bbox 799 673 815 709; x_wconf 88' lang='lat' dir='ltr'>e</span> <span class='ocrx_word' id='word_1_56' title='bbox 833 657 920 709; x_wconf 90' lang='lat' dir='ltr'>aciem</span> <span class='ocrx_word' id='word_1_57' title='bbox 937 655 1023 726; x_wconf 88' lang='lat' dir='ltr'>clipeo</span> 
     </span>
     <span class='ocr_line' id='line_1_8' title="bbox 113 673 1023 796; baseline -0.002 -17"><span class='ocrx_word' id='word_1_58' title='bbox 113 742 173 779; x_wconf 88' lang='lat' dir='ltr'>meo</span> <span class='ocrx_word' id='word_1_59' title='bbox 186 727 248 793; x_wconf 80' lang='lat' dir='ltr'>texi,</span> <span class='ocrx_word' id='word_1_60' title='bbox 262 741 296 777; x_wconf 90' lang='lat' dir='ltr'>ne</span> <span class='ocrx_word' id='word_1_61' title='bbox 309 725 467 792; x_wconf 79' lang='lat' dir='ltr'>infregeritis</span> <span class='ocrx_word' id='word_1_62' title='bbox 479 724 504 776; x_wconf 93' lang='lat' dir='ltr'>iu</span> <span class='ocrx_word' id='word_1_63' title='bbox 517 725 641 778; x_wconf 87' lang='lat' dir='ltr'>manibus</span> <span class='ocrx_word' id='word_1_64' title='bbox 661 726 729 779; x_wconf 89' lang='lat' dir='ltr'>meis</span> <span class='ocrx_word' id='word_1_65' title='bbox 747 673 872 796; x_wconf 82' lang='lat' dir='ltr'>palmam,</span> <span class='ocrx_word' id='word_1_66' title='bbox 886 742 940 795; x_wconf 87' lang='lat' dir='ltr'>qua</span> <span class='ocrx_word' id='word_1_67' title='bbox 959 726 1023 778; x_wconf 87' lang='lat' dir='ltr'>Her·</span> 
     </span>
     <span class='ocr_line' id='line_1_9' title="bbox 113 793 1022 865; baseline -0.001 -17"><span class='ocrx_word' id='word_1_68' title='bbox 113 796 203 849; x_wconf 90' lang='lat' dir='ltr'>culem</span> <span class='ocrx_word' id='word_1_69' title='bbox 233 793 414 862; x_wconf 86' lang='lat' dir='ltr'>Liberumque</span> <span class='ocrx_word' id='word_1_70' title='bbox 438 794 552 862; x_wconf 84' lang='lat' dir='ltr'>Patrem,</span> <span class='ocrx_word' id='word_1_71' title='bbox 577 794 599 847; x_wconf 91' lang='lat' dir='ltr'>si</span> <span class='ocrx_word' id='word_1_72' title='bbox 622 794 722 848; x_wconf 90' lang='lat' dir='ltr'>invidia</span> <span class='ocrx_word' id='word_1_73' title='bbox 745 794 870 865; x_wconf 87' lang='lat' dir='ltr'>abluerit,</span> <span class='ocrx_word' id='word_1_74' title='bbox 894 795 1022 865; x_wconf 90' lang='lat' dir='ltr'>aequabo.</span> 
     </span>
     <span class='ocr_line' id='line_1_10' title="bbox 114 864 1024 932; baseline 0.002 -16"><span class='ocrx_word' id='word_1_75' title='bbox 114 866 181 917; x_wconf 89' lang='lat' dir='ltr'>Date</span> <span class='ocrx_word' id='word_1_76' title='bbox 204 864 254 916; x_wconf 91' lang='lat' dir='ltr'>hoc</span> <span class='ocrx_word' id='word_1_77' title='bbox 279 864 400 932; x_wconf 82' lang='lat' dir='ltr'>precibus</span> <span class='ocrx_word' id='word_1_78' title='bbox 423 864 498 931; x_wconf 91' lang='lat' dir='ltr'>meis,</span> <span class='ocrx_word' id='word_1_79' title='bbox 520 872 546 915; x_wconf 89' lang='lat' dir='ltr'>et</span> <span class='ocrx_word' id='word_1_80' title='bbox 571 864 678 917; x_wconf 79' lang='lat' dir='ltr'>tandem</span> <span class='ocrx_word' id='word_1_81' title='bbox 701 865 863 918; x_wconf 89' lang='lat' dir='ltr'>obstinatum</span> <span class='ocrx_word' id='word_1_82' title='bbox 886 865 1024 918; x_wconf 87' lang='lat' dir='ltr'>silentium</span> 
     </span>
     <span class='ocr_line' id='line_1_11' title="bbox 114 932 1024 1002; baseline -0.001 -15"><span class='ocrx_word' id='word_1_83' title='bbox 114 934 236 1002; x_wconf 87' lang='lat' dir='ltr'>rumpite.</span> <span class='ocrx_word' id='word_1_84' title='bbox 272 932 323 985; x_wconf 90' lang='lat' dir='ltr'>Ubi</span> <span class='ocrx_word' id='word_1_85' title='bbox 341 940 382 984; x_wconf 89' lang='lat' dir='ltr'>est</span> <span class='ocrx_word' id='word_1_86' title='bbox 400 932 445 985; x_wconf 90' lang='lat' dir='ltr'>ille</span> <span class='ocrx_word' id='word_1_87' title='bbox 463 932 569 1001; x_wconf 88' lang='lat' dir='ltr'>clamor,</span> <span class='ocrx_word' id='word_1_88' title='bbox 583 932 727 987; x_wconf 77' lang='lat' dir='ltr'>alacritatis</span> <span class='ocrx_word' id='word_1_89' title='bbox 738 941 842 988; x_wconf 87' lang='lat' dir='ltr'>vestrae</span> <span class='ocrx_word' id='word_1_90' title='bbox 861 934 961 987; x_wconf 75' lang='lat' dir='ltr'>indexl</span> <span class='ocrx_word' id='word_1_91' title='bbox 979 933 1024 986; x_wconf 90' lang='lat' dir='ltr'>ubi</span> 
     </span>
     <span class='ocr_line' id='line_1_12' title="bbox 114 1001 1023 1072; baseline 0 -18"><span class='ocrx_word' id='word_1_92' title='bbox 114 1003 159 1056; x_wconf 86' lang='lat' dir='ltr'>ille</span> <span class='ocrx_word' id='word_1_93' title='bbox 176 1019 296 1055; x_wconf 89' lang='lat' dir='ltr'>meorum</span> <span class='ocrx_word' id='word_1_94' title='bbox 310 1001 488 1054; x_wconf 82' lang='lat' dir='ltr'>Macedonum</span> <span class='ocrx_word' id='word_1_95' title='bbox 502 1001 609 1054; x_wconf 77' lang='lat' dir='ltr'>vultusl</span> <span class='ocrx_word' id='word_1_96' title='bbox 644 1005 705 1056; x_wconf 91' lang='lat' dir='ltr'>Non</span> <span class='ocrx_word' id='word_1_97' title='bbox 722 1019 836 1071; x_wconf 84' lang='lat' dir='ltr'>agnosco</span> <span class='ocrx_word' id='word_1_98' title='bbox 848 1020 896 1056; x_wconf 85' lang='lat' dir='ltr'>vos</span> <span class='ocrx_word' id='word_1_99' title='bbox 916 1003 1023 1072; x_wconf 88' lang='lat' dir='ltr'>milites,</span> 
     </span>
     <span class='ocr_line' id='line_1_13' title="bbox 113 1070 1023 1142; baseline 0.001 -18"><span class='ocrx_word' id='word_1_100' title='bbox 113 1088 164 1125; x_wconf 90' lang='lat' dir='ltr'>nec</span> <span class='ocrx_word' id='word_1_101' title='bbox 181 1071 289 1138; x_wconf 86' lang='lat' dir='ltr'>agnosci</span> <span class='ocrx_word' id='word_1_102' title='bbox 303 1071 393 1122; x_wconf 87' lang='lat' dir='ltr'>videor</span> <span class='ocrx_word' id='word_1_103' title='bbox 404 1087 421 1123; x_wconf 91' lang='lat' dir='ltr'>a</span> <span class='ocrx_word' id='word_1_104' title='bbox 432 1070 515 1123; x_wconf 86' lang='lat' dir='ltr'>vobis.</span> <span class='ocrx_word' id='word_1_105' title='bbox 551 1071 648 1125; x_wconf 87' lang='lat' dir='ltr'>Surdas</span> <span class='ocrx_word' id='word_1_106' title='bbox 663 1072 824 1142; x_wconf 84' lang='lat' dir='ltr'>jamdudum</span> <span class='ocrx_word' id='word_1_107' title='bbox 836 1089 915 1126; x_wconf 90' lang='lat' dir='ltr'>aures</span> <span class='ocrx_word' id='word_1_108' title='bbox 932 1072 1023 1142; x_wconf 86' lang='lat' dir='ltr'>pulso:</span> 
     </span>
     <span class='ocr_line' id='line_1_14' title="bbox 114 1140 908 1196; baseline 0.004 -3"><span class='ocrx_word' id='word_1_109' title='bbox 114 1157 222 1193; x_wconf 81' lang='lat' dir='ltr'>aversos</span> <span class='ocrx_word' id='word_1_110' title='bbox 232 1141 336 1192; x_wconf 87' lang='lat' dir='ltr'>animos</span> <span class='ocrx_word' id='word_1_111' title='bbox 348 1149 373 1192; x_wconf 90' lang='lat' dir='ltr'>et</span> <span class='ocrx_word' id='word_1_112' title='bbox 386 1140 509 1192; x_wconf 84' lang='lat' dir='ltr'>infractos</span> <span class='ocrx_word' id='word_1_113' title='bbox 521 1142 635 1194; x_wconf 82' lang='lat' dir='ltr'>excitare</span> <span class='ocrx_word' id='word_1_114' title='bbox 647 1159 733 1194; x_wconf 88' lang='lat' dir='ltr'>conor.</span> <span class='ocrx_word' id='word_1_115' title='bbox 904 1189 908 1196; x_wconf 94' lang='lat'>.</span> 
     </span>
    </p>

    <p class='ocr_par' dir='ltr' id='par_1_3' title="bbox 112 1209 1025 2453">
     <span class='ocr_line' id='line_1_15' title="bbox 153 1209 1024 1281; baseline 0.001 -19"><span class='ocrx_word' id='word_1_116' title='bbox 153 1217 191 1262; x_wconf 91' lang='lat' dir='ltr'>ll.</span> <span class='ocrx_word' id='word_1_117' title='bbox 210 1211 331 1278; x_wconf 84' lang='lat' dir='ltr'>Cumque</span> <span class='ocrx_word' id='word_1_118' title='bbox 343 1209 381 1261; x_wconf 95' lang='lat' dir='ltr'>illi</span> <span class='ocrx_word' id='word_1_119' title='bbox 395 1210 422 1261; x_wconf 91' lang='lat' dir='ltr'>in</span> <span class='ocrx_word' id='word_1_120' title='bbox 434 1218 529 1262; x_wconf 89' lang='lat' dir='ltr'>terram</span> <span class='ocrx_word' id='word_1_121' title='bbox 543 1210 666 1263; x_wconf 85' lang='lat' dir='ltr'>demissis</span> <span class='ocrx_word' id='word_1_122' title='bbox 677 1211 810 1281; x_wconf 82' lang='lat' dir='ltr'>capitibus</span> <span class='ocrx_word' id='word_1_123' title='bbox 827 1219 917 1264; x_wconf 88' lang='lat' dir='ltr'>tacere</span> <span class='ocrx_word' id='word_1_124' title='bbox 937 1227 1024 1279; x_wconf 88' lang='lat' dir='ltr'>perse·</span> 
     </span>
     <span class='ocr_line' id='line_1_16' title="bbox 114 1278 1024 1399; baseline 0 -67"><span class='ocrx_word' id='word_1_125' title='bbox 114 1287 243 1346; x_wconf 82' lang='lat' dir='ltr'>vorarent,</span> <span class='ocrx_word' id='word_1_126' title='bbox 256 1278 353 1332; x_wconf 86' lang='lat' dir='ltr'>Nescio</span> <span class='ocrx_word' id='word_1_127' title='bbox 366 1279 438 1348; x_wconf 89' lang='lat' dir='ltr'>quid,</span> <span class='ocrx_word' id='word_1_128' title='bbox 452 1279 543 1399; x_wconf 89' lang='lat' dir='ltr'>inquit,</span> <span class='ocrx_word' id='word_1_129' title='bbox 557 1279 584 1332; x_wconf 92' lang='lat' dir='ltr'>in</span> <span class='ocrx_word' id='word_1_130' title='bbox 595 1296 643 1332; x_wconf 83' lang='lat' dir='ltr'>ros</span> <span class='ocrx_word' id='word_1_131' title='bbox 660 1280 815 1349; x_wconf 87' lang='lat' dir='ltr'>imprudens</span> <span class='ocrx_word' id='word_1_132' title='bbox 833 1280 940 1349; x_wconf 81' lang='lat' dir='ltr'>deliqui,</span> <span class='ocrx_word' id='word_1_133' title='bbox 954 1281 1024 1348; x_wconf 91' lang='lat' dir='ltr'>quod</span> 
     </span>
     <span class='ocr_line' id='line_1_17' title="bbox 115 1349 1024 1416; baseline -0.002 -15"><span class='ocrx_word' id='word_1_134' title='bbox 115 1364 158 1401; x_wconf 87' lang='lat' dir='ltr'>ure</span> <span class='ocrx_word' id='word_1_135' title='bbox 171 1365 204 1400; x_wconf 89' lang='lat' dir='ltr'>ne</span> <span class='ocrx_word' id='word_1_136' title='bbox 217 1349 311 1402; x_wconf 88' lang='lat' dir='ltr'>intueri</span> <span class='ocrx_word' id='word_1_137' title='bbox 323 1349 434 1416; x_wconf 90' lang='lat' dir='ltr'>quidem</span> <span class='ocrx_word' id='word_1_138' title='bbox 447 1365 481 1400; x_wconf 93' lang='lat' dir='ltr'>vu</span> <span class='ocrx_word' id='word_1_139' title='bbox 493 1349 532 1401; x_wconf 90' lang='lat' dir='ltr'>tis.</span> <span class='ocrx_word' id='word_1_140' title='bbox 570 1349 599 1401; x_wconf 93' lang='lat' dir='ltr'>ln</span> <span class='ocrx_word' id='word_1_141' title='bbox 619 1349 760 1402; x_wconf 89' lang='lat' dir='ltr'>solitudine</span> <span class='ocrx_word' id='word_1_142' title='bbox 772 1349 840 1403; x_wconf 92' lang='lat' dir='ltr'>mihi</span> <span class='ocrx_word' id='word_1_143' title='bbox 851 1350 943 1401; x_wconf 82' lang='lat' dir='ltr'>videor</span> <span class='ocrx_word' id='word_1_144' title='bbox 955 1365 1024 1400; x_wconf 87' lang='lat' dir='ltr'>esse.</span> 
     </span>
     <span class='ocr_line' id='line_1_18' title="bbox 114 1416 1025 1487; baseline -0.001 -16"><span class='ocrx_word' id='word_1_145' title='bbox 114 1418 201 1471; x_wconf 85' lang='lat' dir='ltr'>Nemo</span> <span class='ocrx_word' id='word_1_146' title='bbox 214 1416 361 1487; x_wconf 81' lang='lat' dir='ltr'>respondet,</span> <span class='ocrx_word' id='word_1_147' title='bbox 374 1435 454 1470; x_wconf 88' lang='lat' dir='ltr'>nemo</span> <span class='ocrx_word' id='word_1_148' title='bbox 473 1418 570 1470; x_wconf 88' lang='lat' dir='ltr'>saltem</span> <span class='ocrx_word' id='word_1_149' title='bbox 591 1427 678 1487; x_wconf 90' lang='lat' dir='ltr'>negat.</span> <span class='ocrx_word' id='word_1_150' title='bbox 714 1420 785 1478; x_wconf 82' lang='lat' dir='ltr'>Quos</span> <span class='ocrx_word' id='word_1_151' title='bbox 803 1418 942 1487; x_wconf 63' lang='lat' dir='ltr'>alloquor?</span> <span class='ocrx_word' id='word_1_152' title='bbox 960 1417 1025 1486; x_wconf 90' lang='lat' dir='ltr'>quid</span> 
     </span>
     <span class='ocr_line' id='line_1_19' title="bbox 113 1486 1024 1557; baseline -0.002 -17"><span class='ocrx_word' id='word_1_153' title='bbox 113 1494 203 1540; x_wconf 82' lang='lat' dir='ltr'>eutem</span> <span class='ocrx_word' id='word_1_154' title='bbox 228 1487 348 1557; x_wconf 68' lang='lat' dir='ltr'>postulo!</span> <span class='ocrx_word' id='word_1_155' title='bbox 385 1488 506 1539; x_wconf 88' lang='lat' dir='ltr'>Vestram</span> <span class='ocrx_word' id='word_1_156' title='bbox 526 1488 636 1554; x_wconf 86' lang='lat' dir='ltr'>gloriam</span> <span class='ocrx_word' id='word_1_157' title='bbox 659 1498 687 1541; x_wconf 88' lang='lat' dir='ltr'>et</span> <span class='ocrx_word' id='word_1_158' title='bbox 709 1489 923 1557; x_wconf 85' lang='lat' dir='ltr'>magnitudinem</span> <span class='ocrx_word' id='word_1_159' title='bbox 940 1486 1024 1539; x_wconf 83' lang='lat' dir='ltr'>vindi-</span> 
     </span>
     <span class='ocr_line' id='line_1_20' title="bbox 113 1555 1024 1627; baseline -0.002 -18"><span class='ocrx_word' id='word_1_160' title='bbox 113 1557 227 1609; x_wconf 74' lang='lat' dir='ltr'>camus.³</span> <span class='ocrx_word' id='word_1_161' title='bbox 261 1555 314 1609; x_wconf 92' lang='lat' dir='ltr'>Ubi</span> <span class='ocrx_word' id='word_1_162' title='bbox 339 1567 399 1608; x_wconf 85' lang='lat' dir='ltr'>sunt</span> <span class='ocrx_word' id='word_1_163' title='bbox 423 1556 468 1623; x_wconf 90' lang='lat' dir='ltr'>illi,</span> <span class='ocrx_word' id='word_1_164' title='bbox 490 1573 600 1625; x_wconf 87' lang='lat' dir='ltr'>quorum</span> <span class='ocrx_word' id='word_1_165' title='bbox 625 1567 763 1610; x_wconf 90' lang='lat' dir='ltr'>certamen</span> <span class='ocrx_word' id='word_1_166' title='bbox 786 1558 864 1627; x_wconf 89' lang='lat' dir='ltr'>paulo</span> <span class='ocrx_word' id='word_1_167' title='bbox 887 1566 949 1610; x_wconf 89' lang='lat' dir='ltr'>ante</span> <span class='ocrx_word' id='word_1_168' title='bbox 970 1555 1024 1608; x_wconf 87' lang='lat' dir='ltr'>vidi</span> 
     </span>
     <span class='ocr_line' id='line_1_21' title="bbox 113 1625 1024 1696; baseline -0.002 -17"><span class='ocrx_word' id='word_1_169' title='bbox 113 1627 338 1695; x_wconf 83' lang='lat' dir='ltr'>contendentium,</span> <span class='ocrx_word' id='word_1_170' title='bbox 352 1626 397 1695; x_wconf 92' lang='lat' dir='ltr'>qui</span> <span class='ocrx_word' id='word_1_171' title='bbox 418 1626 584 1695; x_wconf 86' lang='lat' dir='ltr'>potissimum</span> <span class='ocrx_word' id='word_1_172' title='bbox 601 1627 730 1679; x_wconf 88' lang='lat' dir='ltr'>vulnerati</span> <span class='ocrx_word' id='word_1_173' title='bbox 744 1628 820 1696; x_wconf 81' lang='lat' dir='ltr'>regis</span> <span class='ocrx_word' id='word_1_174' title='bbox 840 1644 935 1696; x_wconf 87' lang='lat' dir='ltr'>corpus</span> <span class='ocrx_word' id='word_1_175' title='bbox 955 1625 1024 1679; x_wconf 84' lang='lat' dir='ltr'>exci-</span> 
     </span>
     <span class='ocr_line' id='line_1_22' title="bbox 114 1693 1024 1764; baseline 0 -17"><span class='ocrx_word' id='word_1_176' title='bbox 114 1696 237 1764; x_wconf 79' lang='lat' dir='ltr'>perentl⁴</span> <span class='ocrx_word' id='word_1_177' title='bbox 262 1697 390 1764; x_wconf 83' lang='lat' dir='ltr'>desertus,</span> <span class='ocrx_word' id='word_1_178' title='bbox 418 1695 560 1748; x_wconf 87' lang='lat' dir='ltr'>destitutus</span> <span class='ocrx_word' id='word_1_179' title='bbox 584 1714 651 1764; x_wconf 90' lang='lat' dir='ltr'>sum,</span> <span class='ocrx_word' id='word_1_180' title='bbox 677 1697 800 1750; x_wconf 85' lang='lat' dir='ltr'>hostibus</span> <span class='ocrx_word' id='word_1_181' title='bbox 822 1696 936 1749; x_wconf 88' lang='lat' dir='ltr'>deditus.</span> <span class='ocrx_word' id='word_1_182' title='bbox 973 1693 1024 1748; x_wconf 82' lang='lat' dir='ltr'>Sed</span> 
     </span>
     <span class='ocr_line' id='line_1_23' title="bbox 113 1763 1024 1834; baseline 0 -18"><span class='ocrx_word' id='word_1_183' title='bbox 113 1764 185 1817; x_wconf 86' lang='lat' dir='ltr'>solus</span> <span class='ocrx_word' id='word_1_184' title='bbox 196 1781 300 1833; x_wconf 92' lang='lat' dir='ltr'>quoque</span> <span class='ocrx_word' id='word_1_185' title='bbox 313 1765 350 1816; x_wconf 91' lang='lat' dir='ltr'>ire</span> <span class='ocrx_word' id='word_1_186' title='bbox 364 1765 546 1833; x_wconf 82' lang='lat' dir='ltr'>perseverabo.</span> <span class='ocrx_word' id='word_1_187' title='bbox 583 1766 696 1834; x_wconf 83' lang='lat' dir='ltr'>Objicite</span> <span class='ocrx_word' id='word_1_188' title='bbox 717 1784 760 1818; x_wconf 87' lang='lat' dir='ltr'>rue</span> <span class='ocrx_word' id='word_1_189' title='bbox 773 1765 929 1818; x_wconf 89' lang='lat' dir='ltr'>fluminibus</span> <span class='ocrx_word' id='word_1_190' title='bbox 940 1773 967 1816; x_wconf 88' lang='lat' dir='ltr'>et</span> <span class='ocrx_word' id='word_1_191' title='bbox 978 1763 1024 1816; x_wconf 91' lang='lat' dir='ltr'>be-</span> 
     </span>
     <span class='ocr_line' id='line_1_24' title="bbox 114 1833 1023 1901; baseline -0.001 -16"><span class='ocrx_word' id='word_1_192' title='bbox 114 1833 165 1886; x_wconf 90' lang='lat' dir='ltr'>luis</span> <span class='ocrx_word' id='word_1_193' title='bbox 177 1843 203 1885; x_wconf 90' lang='lat' dir='ltr'>et</span> <span class='ocrx_word' id='word_1_194' title='bbox 216 1834 269 1886; x_wconf 87' lang='lat' dir='ltr'>illis</span> <span class='ocrx_word' id='word_1_195' title='bbox 280 1834 410 1901; x_wconf 84' lang='lat' dir='ltr'>gentibus,</span> <span class='ocrx_word' id='word_1_196' title='bbox 420 1850 530 1901; x_wconf 88' lang='lat' dir='ltr'>quarum</span> <span class='ocrx_word' id='word_1_197' title='bbox 544 1836 652 1886; x_wconf 89' lang='lat' dir='ltr'>nomina</span> <span class='ocrx_word' id='word_1_198' title='bbox 664 1835 782 1886; x_wconf 90' lang='lat' dir='ltr'>horretis.</span> <span class='ocrx_word' id='word_1_199' title='bbox 819 1835 965 1900; x_wconf 83' lang='lat' dir='ltr'>inveniam,</span> <span class='ocrx_word' id='word_1_200' title='bbox 978 1833 1023 1901; x_wconf 92' lang='lat' dir='ltr'>qui</span> 
     </span>
     <span class='ocr_line' id='line_1_25' title="bbox 112 1901 1024 1971; baseline -0.001 -17"><span class='ocrx_word' id='word_1_201' title='bbox 112 1902 248 1954; x_wconf 88' lang='lat' dir='ltr'>desertum</span> <span class='ocrx_word' id='word_1_202' title='bbox 271 1920 287 1952; x_wconf 93' lang='lat' dir='ltr'>a</span> <span class='ocrx_word' id='word_1_203' title='bbox 311 1901 385 1954; x_wconf 88' lang='lat' dir='ltr'>vobis</span> <span class='ocrx_word' id='word_1_204' title='bbox 408 1905 579 1970; x_wconf 83' lang='lat' dir='ltr'>sequantur:⁵</span> <span class='ocrx_word' id='word_1_205' title='bbox 602 1903 716 1971; x_wconf 86' lang='lat' dir='ltr'>Scythae</span> <span class='ocrx_word' id='word_1_206' title='bbox 740 1903 924 1970; x_wconf 84' lang='lat' dir='ltr'>Bactrianique</span> <span class='ocrx_word' id='word_1_207' title='bbox 948 1909 1024 1953; x_wconf 91' lang='lat' dir='ltr'>erunt</span> 
     </span>
     <span class='ocr_line' id='line_1_26' title="bbox 113 1969 1024 2039; baseline -0.001 -17"><span class='ocrx_word' id='word_1_208' title='bbox 113 1987 229 2038; x_wconf 82' lang='lat' dir='ltr'>mecum,</span> <span class='ocrx_word' id='word_1_209' title='bbox 244 1971 334 2023; x_wconf 90' lang='lat' dir='ltr'>hostes</span> <span class='ocrx_word' id='word_1_210' title='bbox 346 1969 424 2038; x_wconf 89' lang='lat' dir='ltr'>paulo</span> <span class='ocrx_word' id='word_1_211' title='bbox 440 1979 509 2038; x_wconf 87' lang='lat' dir='ltr'>aute,</span> <span class='ocrx_word' id='word_1_212' title='bbox 525 1988 595 2023; x_wconf 92' lang='lat' dir='ltr'>nuuc</span> <span class='ocrx_word' id='word_1_213' title='bbox 614 1972 714 2024; x_wconf 84' lang='lat' dir='ltr'>milites</span> <span class='ocrx_word' id='word_1_214' title='bbox 734 1972 822 2024; x_wconf 91' lang='lat' dir='ltr'>nostri.</span> <span class='ocrx_word' id='word_1_215' title='bbox 858 1971 928 2024; x_wconf 92' lang='lat' dir='ltr'>Mori</span> <span class='ocrx_word' id='word_1_216' title='bbox 949 1986 1024 2039; x_wconf 87' lang='lat' dir='ltr'>prse-</span> 
     </span>
     <span class='ocr_line' id='line_1_27' title="bbox 113 2039 1024 2108; baseline 0 -17"><span class='ocrx_word' id='word_1_217' title='bbox 113 2049 172 2108; x_wconf 84' lang='lat' dir='ltr'>stet,</span> <span class='ocrx_word' id='word_1_218' title='bbox 186 2057 266 2108; x_wconf 88' lang='lat' dir='ltr'>quarn</span> <span class='ocrx_word' id='word_1_219' title='bbox 280 2039 406 2108; x_wconf 77' lang='lat' dir='ltr'>precario⁵</span> <span class='ocrx_word' id='word_1_220' title='bbox 418 2039 604 2108; x_wconf 89' lang='lat' dir='ltr'>imperatorem</span> <span class='ocrx_word' id='word_1_221' title='bbox 622 2057 691 2093; x_wconf 88' lang='lat' dir='ltr'>esse.</span> <span class='ocrx_word' id='word_1_222' title='bbox 728 2042 767 2094; x_wconf 89' lang='lat' dir='ltr'>lte</span> <span class='ocrx_word' id='word_1_223' title='bbox 787 2040 899 2092; x_wconf 89' lang='lat' dir='ltr'>reduces</span> <span class='ocrx_word' id='word_1_224' title='bbox 916 2039 1024 2108; x_wconf 67' lang='lat' dir='ltr'>domos,</span> 
     </span>
     <span class='ocr_line' id='line_1_28' title="bbox 113 2108 1024 2179; baseline -0.001 -18"><span class='ocrx_word' id='word_1_225' title='bbox 113 2108 151 2161; x_wconf 84' lang='lat' dir='ltr'>ite</span> <span class='ocrx_word' id='word_1_226' title='bbox 162 2108 267 2161; x_wconf 88' lang='lat' dir='ltr'>deserto</span> <span class='ocrx_word' id='word_1_227' title='bbox 280 2125 342 2175; x_wconf 85' lang='lat' dir='ltr'>rege</span> <span class='ocrx_word' id='word_1_228' title='bbox 354 2117 473 2160; x_wconf 87' lang='lat' dir='ltr'>orantes.</span> <span class='ocrx_word' id='word_1_229' title='bbox 510 2110 566 2176; x_wconf 81' lang='lat' dir='ltr'>Ego</span> <span class='ocrx_word' id='word_1_230' title='bbox 586 2108 630 2161; x_wconf 91' lang='lat' dir='ltr'>hic</span> <span class='ocrx_word' id='word_1_231' title='bbox 649 2127 666 2161; x_wconf 88' lang='lat' dir='ltr'>a</span> <span class='ocrx_word' id='word_1_232' title='bbox 678 2110 754 2163; x_wconf 85' lang='lat' dir='ltr'>vobis</span> <span class='ocrx_word' id='word_1_233' title='bbox 774 2109 931 2179; x_wconf 88' lang='lat' dir='ltr'>desperatae</span> <span class='ocrx_word' id='word_1_234' title='bbox 944 2109 1024 2162; x_wconf 84' lang='lat' dir='ltr'>victo·</span> 
     </span>
     <span class='ocr_line' id='line_1_29' title="bbox 114 2177 1020 2249; baseline 0.002 -19"><span class='ocrx_word' id='word_1_235' title='bbox 114 2178 167 2230; x_wconf 87' lang='lat' dir='ltr'>riae</span> <span class='ocrx_word' id='word_1_236' title='bbox 179 2187 225 2230; x_wconf 85' lang='lat' dir='ltr'>aut</span> <span class='ocrx_word' id='word_1_237' title='bbox 237 2178 364 2231; x_wconf 84' lang='lat' dir='ltr'>honestae</span> <span class='ocrx_word' id='word_1_238' title='bbox 377 2178 452 2230; x_wconf 87' lang='lat' dir='ltr'>morti</span> <span class='ocrx_word' id='word_1_239' title='bbox 467 2177 554 2230; x_wconf 87' lang='lat' dir='ltr'>locum</span> <span class='ocrx_word' id='word_1_240' title='bbox 568 2180 708 2232; x_wconf 88' lang='lat' dir='ltr'>inveniam.</span> <span class='ocrx_word' id='word_1_241' title='bbox 746 2180 787 2233; x_wconf 91' lang='lat' dir='ltr'>Ne</span> <span class='ocrx_word' id='word_1_242' title='bbox 800 2179 959 2249; x_wconf 89' lang='lat' dir='ltr'>sicquidem</span> <span class='ocrx_word' id='word_1_243' title='bbox 975 2178 1020 2232; x_wconf 92' lang='lat' dir='ltr'>ulli</span> 
     </span>
     <span class='ocr_line' id='line_1_30' title="bbox 114 2247 1023 2318; baseline 0 -18"><span class='ocrx_word' id='word_1_244' title='bbox 114 2247 228 2300; x_wconf 89' lang='lat' dir='ltr'>rnilitum</span> <span class='ocrx_word' id='word_1_245' title='bbox 241 2265 293 2300; x_wconf 83' lang='lat' dir='ltr'>vox</span> <span class='ocrx_word' id='word_1_246' title='bbox 312 2247 422 2316; x_wconf 83' lang='lat' dir='ltr'>exprimi</span> <span class='ocrx_word' id='word_1_247' title='bbox 442 2249 535 2316; x_wconf 89' lang='lat' dir='ltr'>potuit.</span> <span class='ocrx_word' id='word_1_248' title='bbox 572 2250 764 2318; x_wconf 80' lang='lat' dir='ltr'>Expectabant,</span> <span class='ocrx_word' id='word_1_249' title='bbox 777 2258 806 2301; x_wconf 93' lang='lat' dir='ltr'>ut</span> <span class='ocrx_word' id='word_1_250' title='bbox 826 2249 910 2302; x_wconf 87' lang='lat' dir='ltr'>duces</span> <span class='ocrx_word' id='word_1_251' title='bbox 949 2249 1023 2301; x_wconf 87' lang='lat' dir='ltr'>rinei·</span> 
     </span>
     <span class='ocr_line' id='line_1_31' title="bbox 113 2264 1023 2387; baseline 0.002 -19"><span class='ocrx_word' id='word_1_252' title='bbox 113 2333 215 2386; x_wconf 86' lang='lat' dir='ltr'>pesque</span> <span class='ocrx_word' id='word_1_253' title='bbox 233 2317 269 2369; x_wconf 90' lang='lat' dir='ltr'>ad</span> <span class='ocrx_word' id='word_1_254' title='bbox 288 2334 378 2384; x_wconf 85' lang='lat' dir='ltr'>regem</span> <span class='ocrx_word' id='word_1_255' title='bbox 398 2317 551 2387; x_wconf 82' lang='lat' dir='ltr'>perferrent,</span> <span class='ocrx_word' id='word_1_256' title='bbox 572 2318 726 2372; x_wconf 90' lang='lat' dir='ltr'>vulneribus</span> <span class='ocrx_word' id='word_1_257' title='bbox 745 2327 772 2370; x_wconf 89' lang='lat' dir='ltr'>et</span> <span class='ocrx_word' id='word_1_258' title='bbox 792 2320 915 2371; x_wconf 91' lang='lat' dir='ltr'>continuo</span> <span class='ocrx_word' id='word_1_259' title='bbox 930 2264 1023 2371; x_wconf 81' lang='lat' dir='ltr'>labore</span> 
     </span>
     <span class='ocr_line' id='line_1_32' title="bbox 113 2385 1023 2453; baseline 0.002 -15"><span class='ocrx_word' id='word_1_260' title='bbox 113 2385 222 2438; x_wconf 83' lang='lat' dir='ltr'>militiae</span> <span class='ocrx_word' id='word_1_261' title='bbox 246 2386 370 2453; x_wconf 85' lang='lat' dir='ltr'>fatigatos</span> <span class='ocrx_word' id='word_1_262' title='bbox 389 2404 439 2438; x_wconf 92' lang='lat' dir='ltr'>uon</span> <span class='ocrx_word' id='word_1_263' title='bbox 460 2387 607 2440; x_wconf 89' lang='lat' dir='ltr'>detrectare</span> <span class='ocrx_word' id='word_1_264' title='bbox 627 2389 737 2452; x_wconf 84' lang='lat' dir='ltr'>munia,⁷</span> <span class='ocrx_word' id='word_1_265' title='bbox 755 2387 803 2439; x_wconf 88' lang='lat' dir='ltr'>sed</span> <span class='ocrx_word' id='word_1_266' title='bbox 823 2388 953 2440; x_wconf 89' lang='lat' dir='ltr'>sustinere</span> <span class='ocrx_word' id='word_1_267' title='bbox 971 2403 1023 2440; x_wconf 86' lang='lat' dir='ltr'>uon</span> 
     </span>
    </p>

    <p class='ocr_par' dir='ltr' id='par_1_4' title="bbox 147 2455 1022 2509">
     <span class='ocr_line' id='line_1_33' title="bbox 147 2455 1022 2509; baseline 0.002 -3"><span class='ocrx_word' id='word_1_268' title='bbox 147 2472 199 2507; x_wconf 88' lang='lat' dir='ltr'>sse.</span> <span class='ocrx_word' id='word_1_269' title='bbox 236 2456 358 2508; x_wconf 89' lang='lat' dir='ltr'>Ceterum</span> <span class='ocrx_word' id='word_1_270' title='bbox 377 2455 415 2507; x_wconf 92' lang='lat' dir='ltr'>illi</span> <span class='ocrx_word' id='word_1_271' title='bbox 427 2466 501 2508; x_wconf 90' lang='lat' dir='ltr'>metu</span> <span class='ocrx_word' id='word_1_272' title='bbox 519 2457 619 2509; x_wconf 83' lang='lat' dir='ltr'>attoniti</span> <span class='ocrx_word' id='word_1_273' title='bbox 641 2458 667 2509; x_wconf 92' lang='lat' dir='ltr'>in</span> <span class='ocrx_word' id='word_1_274' title='bbox 688 2466 783 2509; x_wconf 90' lang='lat' dir='ltr'>terram</span> <span class='ocrx_word' id='word_1_275' title='bbox 803 2472 849 2507; x_wconf 88' lang='lat' dir='ltr'>ora</span> <span class='ocrx_word' id='word_1_276' title='bbox 866 2456 1022 2508; x_wconf 81' lang='lat' dir='ltr'>defixerant.</span> 
     </span>
    </p>
   </div>
   <div class='ocr_carea' id='block_1_3' title="bbox 112 2471 1022 2595">
    <p class='ocr_par' dir='ltr' id='par_1_5' title="bbox 112 2471 1022 2595">
     <span class='ocr_line' id='line_1_34' title="bbox 112 2471 1022 2595; baseline 0.004 -21"><span class='ocrx_word' id='word_1_277' title='bbox 112 2471 194 2591; x_wconf 66' lang='lat' dir='ltr'>igitur</span> <span class='ocrx_word' id='word_1_278' title='bbox 219 2526 303 2593; x_wconf 87' lang='lat' dir='ltr'>prirno</span> <span class='ocrx_word' id='word_1_279' title='bbox 329 2524 461 2576; x_wconf 72' lang='lat' dir='ltr'>fremitus8</span> <span class='ocrx_word' id='word_1_280' title='bbox 481 2542 530 2578; x_wconf 86' lang='lat' dir='ltr'>sua</span> <span class='ocrx_word' id='word_1_281' title='bbox 548 2536 648 2595; x_wconf 86' lang='lat' dir='ltr'>sponte,</span> <span class='ocrx_word' id='word_1_282' title='bbox 668 2525 765 2578; x_wconf 87' lang='lat' dir='ltr'>deinde</span> <span class='ocrx_word' id='word_1_283' title='bbox 782 2526 899 2593; x_wconf 86' lang='lat' dir='ltr'>gemitus</span> <span class='ocrx_word' id='word_1_284' title='bbox 917 2541 1022 2593; x_wconf 86' lang='lat' dir='ltr'>quoque</span> 
     </span>
    </p>
   </div>
   <div class='ocr_carea' id='block_1_4' title="bbox 110 2645 1022 3174">
    <p class='ocr_par' dir='ltr' id='par_1_6' title="bbox 111 2645 1022 2812">
     <span class='ocr_line' id='line_1_35' title="bbox 111 2645 1021 2707; baseline -0.003 -12"><span class='ocrx_word' id='word_1_285' title='bbox 111 2646 287 2705; x_wconf 85' lang='lat' dir='ltr'>cousequently</span> <span class='ocrx_word' id='word_1_286' title='bbox 298 2646 350 2693; x_wconf 85' lang='lat' dir='ltr'>that</span> <span class='ocrx_word' id='word_1_287' title='bbox 361 2649 466 2707; x_wconf 77' lang='lat' dir='ltr'>scopulo</span> <span class='ocrx_word' id='word_1_288' title='bbox 482 2645 503 2692; x_wconf 90' lang='lat' dir='ltr'>is</span> <span class='ocrx_word' id='word_1_289' title='bbox 520 2661 665 2706; x_wconf 86' lang='lat' dir='ltr'>necessary;</span> <span class='ocrx_word' id='word_1_290' title='bbox 683 2648 726 2694; x_wconf 90' lang='lat' dir='ltr'>but</span> <span class='ocrx_word' id='word_1_291' title='bbox 744 2646 785 2693; x_wconf 90' lang='lat' dir='ltr'>the</span> <span class='ocrx_word' id='word_1_292' title='bbox 802 2663 842 2693; x_wconf 84' lang='lat' dir='ltr'>uos</span> <span class='ocrx_word' id='word_1_293' title='bbox 860 2645 880 2692; x_wconf 91' lang='lat' dir='ltr'>is</span> <span class='ocrx_word' id='word_1_294' title='bbox 896 2645 921 2692; x_wconf 91' lang='lat' dir='ltr'>in</span> <span class='ocrx_word' id='word_1_295' title='bbox 936 2645 1021 2706; x_wconf 86' lang='lat' dir='ltr'>reality</span> 
     </span>
     <span class='ocr_line' id='line_1_36' title="bbox 111 2703 1022 2812; baseline -0.001 -60"><span class='ocrx_word' id='word_1_296' title='bbox 111 2705 233 2812; x_wconf 65' lang='lat' dir='ltr'>tglqrersuud</span> <span class='ocrx_word' id='word_1_297' title='bbox 248 2707 331 2811; x_wconf 51' lang='lat' dir='ltr'>bgoro</span> <span class='ocrx_word' id='word_1_298' title='bbox 347 2721 484 2765; x_wconf 79' lang='lat' dir='ltr'>quaesoque,</span> <span class='ocrx_word' id='word_1_299' title='bbox 502 2705 548 2753; x_wconf 88' lang='lat' dir='ltr'>and</span> <span class='ocrx_word' id='word_1_300' title='bbox 567 2705 606 2752; x_wconf 90' lang='lat' dir='ltr'>the</span> <span class='ocrx_word' id='word_1_301' title='bbox 623 2706 787 2812; x_wconf 61' lang='lat' dir='ltr'>opustrucltoion</span> <span class='ocrx_word' id='word_1_302' title='bbox 804 2705 833 2752; x_wconf 81' lang='lat' dir='ltr'>os</span> <span class='ocrx_word' id='word_1_303' title='bbox 845 2704 886 2812; x_wconf 57' lang='grc' dir='ltr'>(ἕο</span> <span class='ocrx_word' id='word_1_304' title='bbox 902 2703 984 2810; x_wconf 68' lang='grc' dir='ltr'>οΙΞυεο</span> <span class='ocrx_word' id='word_1_305' title='bbox 1000 2705 1022 2811; x_wconf 62' lang='lat' dir='ltr'>{a</span> 
     </span>
    </p>

    <p class='ocr_par' dir='ltr' id='par_1_7' title="bbox 110 2778 1020 2990">
     <span class='ocr_line' id='line_1_37' title="bbox 140 2778 1019 2826; baseline -0.001 -15"><span class='ocrx_word' id='word_1_306' title='bbox 140 2780 180 2812; x_wconf 90' lang='lat' dir='ltr'>ere</span> <span class='ocrx_word' id='word_1_307' title='bbox 191 2781 241 2821; x_wconf 84' lang='lat' dir='ltr'>ore,</span> <span class='ocrx_word' id='word_1_308' title='bbox 288 2781 313 2812; x_wconf 86' lang='lat' dir='ltr'>ro</span> <span class='ocrx_word' id='word_1_309' title='bbox 332 2781 462 2825; x_wconf 73' lang='lat' dir='ltr'>quaesoque</span> <span class='ocrx_word' id='word_1_310' title='bbox 480 2781 520 2812; x_wconf 80' lang='lat' dir='ltr'>vor</span> <span class='ocrx_word' id='word_1_311' title='bbox 535 2783 580 2826; x_wconf 83' lang='lat' dir='ltr'>per</span> <span class='ocrx_word' id='word_1_312' title='bbox 597 2782 635 2812; x_wconf 83' lang='lat' dir='ltr'>oes</span> <span class='ocrx_word' id='word_1_313' title='bbox 648 2783 731 2826; x_wconf 84' lang='lat' dir='ltr'>romg</span> <span class='ocrx_word' id='word_1_314' title='bbox 755 2781 821 2812; x_wconf 79' lang='lat' dir='ltr'>rrum.</span> <span class='ocrx_word' id='word_1_315' title='bbox 872 2778 901 2811; x_wconf 90' lang='lat' dir='ltr'>ee</span> <span class='ocrx_word' id='word_1_316' title='bbox 942 2779 1019 2823; x_wconf 89' lang='lat' dir='ltr'>ump,</span> 
     </span>
     <span class='ocr_line' id='line_1_38' title="bbox 111 2822 1020 2951; baseline 0 -21"><span class='ocrx_word' id='word_1_317' title='bbox 111 2822 125 2874; x_wconf 51' lang='lat' dir='ltr'>l</span> <span class='ocrx_word' id='word_1_318' title='bbox 137 2826 223 2951; x_wconf 52' lang='lat' dir='ltr'>iiiior</span> <span class='ocrx_word' id='word_1_319' title='bbox 234 2882 282 2930; x_wconf 91' lang='lat' dir='ltr'>this</span> <span class='ocrx_word' id='word_1_320' title='bbox 292 2898 338 2930; x_wconf 90' lang='lat' dir='ltr'>one</span> <span class='ocrx_word' id='word_1_321' title='bbox 350 2882 418 2943; x_wconf 82' lang='lat' dir='ltr'>thing</span> <span class='ocrx_word' id='word_1_322' title='bbox 429 2883 441 2930; x_wconf 90' lang='lat'>1</span> <span class='ocrx_word' id='word_1_323' title='bbox 452 2882 514 2930; x_wconf 89' lang='lat' dir='ltr'>shall</span> <span class='ocrx_word' id='word_1_324' title='bbox 526 2898 579 2931; x_wconf 88' lang='lat' dir='ltr'>owe</span> <span class='ocrx_word' id='word_1_325' title='bbox 595 2898 643 2942; x_wconf 87' lang='lat' dir='ltr'>you</span> <span class='ocrx_word' id='word_1_326' title='bbox 659 2881 768 2938; x_wconf 84' lang='lat' dir='ltr'>thanks,&#39;</span> <span class='ocrx_word' id='word_1_327' title='bbox 780 2883 847 2930; x_wconf 89' lang='lat' dir='ltr'>since</span> <span class='ocrx_word' id='word_1_328' title='bbox 863 2897 912 2943; x_wconf 86' lang='lat' dir='ltr'>you</span> <span class='ocrx_word' id='word_1_329' title='bbox 924 2881 974 2930; x_wconf 85' lang='lat' dir='ltr'>will</span> <span class='ocrx_word' id='word_1_330' title='bbox 989 2882 1020 2930; x_wconf 89' lang='lat' dir='ltr'>bs</span> 
     </span>
     <span class='ocr_line' id='line_1_39' title="bbox 110 2941 359 2990; baseline -0.008 0"><span class='ocrx_word' id='word_1_331' title='bbox 110 2941 166 2990; x_wconf 86' lang='lat' dir='ltr'>rlorn</span> <span class='ocrx_word' id='word_1_332' title='bbox 194 2941 359 2989; x_wconf 83' lang='lat' dir='ltr'>mealsvour.</span> 
     </span>
    </p>

    <p class='ocr_par' dir='ltr' id='par_1_8' title="bbox 112 2999 1020 3115">
     <span class='ocr_line' id='line_1_40' title="bbox 137 2999 1020 3061; baseline 0 -13"><span class='ocrx_word' id='word_1_333' title='bbox 137 3005 164 3030; x_wconf 78' lang='lat'>²⁴</span> <span class='ocrx_word' id='word_1_334' title='bbox 202 3000 279 3048; x_wconf 89' lang='lat' dir='ltr'>ithout</span> <span class='ocrx_word' id='word_1_335' title='bbox 291 3000 364 3060; x_wconf 85' lang='lat' dir='ltr'>being</span> <span class='ocrx_word' id='word_1_336' title='bbox 374 3001 415 3048; x_wconf 91' lang='lat' dir='ltr'>the</span> <span class='ocrx_word' id='word_1_337' title='bbox 426 2999 478 3048; x_wconf 89' lang='lat' dir='ltr'>first</span> <span class='ocrx_word' id='word_1_338' title='bbox 490 3010 515 3048; x_wconf 90' lang='lat' dir='ltr'>to</span> <span class='ocrx_word' id='word_1_339' title='bbox 526 3016 615 3061; x_wconf 81' lang='lat' dir='ltr'>exposa</span> <span class='ocrx_word' id='word_1_340' title='bbox 627 3000 719 3061; x_wconf 84' lang='lat' dir='ltr'>myself</span> <span class='ocrx_word' id='word_1_341' title='bbox 730 3010 756 3048; x_wconf 94' lang='lat' dir='ltr'>to</span> <span class='ocrx_word' id='word_1_342' title='bbox 766 2999 807 3048; x_wconf 91' lang='lat' dir='ltr'>the</span> <span class='ocrx_word' id='word_1_343' title='bbox 818 3000 938 3061; x_wconf 80' lang='lat' dir='ltr'>daugers.¹</span> <span class='ocrx_word' id='word_1_344' title='bbox 972 2999 1020 3047; x_wconf 81' lang='lat' dir='ltr'>See</span> 
     </span>
     <span class='ocr_line' id='line_1_41' title="bbox 112 3058 386 3115; baseline -0.004 -9"><span class='ocrx_word' id='word_1_345' title='bbox 112 3058 192 3108; x_wconf 77' lang='lat' dir='ltr'>Gram.</span> <span class='ocrx_word' id='word_1_346' title='bbox 205 3060 218 3110; x_wconf 72' lang='lat' dir='ltr'>b</span> <span class='ocrx_word' id='word_1_347' title='bbox 230 3063 282 3115; x_wconf 83' lang='lat'>352,</span> <span class='ocrx_word' id='word_1_348' title='bbox 296 3070 352 3106; x_wconf 90' lang='lat' dir='ltr'>note</span> <span class='ocrx_word' id='word_1_349' title='bbox 363 3061 386 3106; x_wconf 78' lang='lat'>4.</span> 
     </span>
    </p>

    <p class='ocr_par' dir='ltr' id='par_1_9' title="bbox 138 3115 1017 3174">
     <span class='ocr_line' id='line_1_42' title="bbox 138 3115 1017 3174; baseline -0.001 -9"><span class='ocrx_word' id='word_1_350' title='bbox 138 3123 148 3146; x_wconf 83' lang='lat'>⁸</span> <span class='ocrx_word' id='word_1_351' title='bbox 161 3118 219 3166; x_wconf 82' lang='lat' dir='ltr'>‘We</span> <span class='ocrx_word' id='word_1_352' title='bbox 227 3118 288 3174; x_wconf 86' lang='lat' dir='ltr'>(that</span> <span class='ocrx_word' id='word_1_353' title='bbox 299 3118 329 3173; x_wconf 88' lang='lat' dir='ltr'>is,</span> <span class='ocrx_word' id='word_1_354' title='bbox 341 3118 352 3165; x_wconf 97' lang='grc' dir='ltr'><strong>Ι</strong></span> <span class='ocrx_word' id='word_1_355' title='bbox 363 3117 409 3166; x_wconf 88' lang='lat' dir='ltr'>and</span> <span class='ocrx_word' id='word_1_356' title='bbox 418 3118 488 3165; x_wconf 88' lang='lat' dir='ltr'>those</span> <span class='ocrx_word' id='word_1_357' title='bbox 500 3116 661 3166; x_wconf 84' lang='lat' dir='ltr'>like-minded</span> <span class='ocrx_word' id='word_1_358' title='bbox 671 3118 730 3166; x_wconf 86' lang='lat' dir='ltr'>with</span> <span class='ocrx_word' id='word_1_359' title='bbox 739 3115 1017 3173; x_wconf 68' lang='lat' dir='ltr'>merresorvsrosffeet!</span> 
     </span>
    </p>
   </div>
   <div class='ocr_carea' id='block_1_5' title="bbox 136 3181 707 3369">
    <p class='ocr_par' dir='ltr' id='par_1_10' title="bbox 136 3181 707 3369">
     <span class='ocr_line' id='line_1_43' title="bbox 137 3181 619 3242; baseline 0 -12"><span class='ocrx_word' id='word_1_360' title='bbox 137 3181 210 3230; x_wconf 78' lang='lat' dir='ltr'>⁴&#39;I&#39;he</span> <span class='ocrx_word' id='word_1_361' title='bbox 220 3193 288 3242; x_wconf 82' lang='lat' dir='ltr'>story</span> <span class='ocrx_word' id='word_1_362' title='bbox 299 3182 320 3229; x_wconf 90' lang='lat' dir='ltr'>is</span> <span class='ocrx_word' id='word_1_363' title='bbox 331 3191 356 3228; x_wconf 89' lang='lat' dir='ltr'>to</span> <span class='ocrx_word' id='word_1_364' title='bbox 367 3183 397 3229; x_wconf 89' lang='lat' dir='ltr'>be</span> <span class='ocrx_word' id='word_1_365' title='bbox 408 3181 482 3230; x_wconf 79' lang='lat' dir='ltr'>found</span> <span class='ocrx_word' id='word_1_366' title='bbox 494 3182 520 3229; x_wconf 91' lang='lat' dir='ltr'>in</span> <span class='ocrx_word' id='word_1_367' title='bbox 530 3183 571 3230; x_wconf 84' lang='lat' dir='ltr'>vii.</span> <span class='ocrx_word' id='word_1_368' title='bbox 583 3187 619 3230; x_wconf 82' lang='lat'>25.</span> 
     </span>
     <span class='ocr_line' id='line_1_44' title="bbox 138 3245 707 3305; baseline 0.002 -12"><span class='ocrx_word' id='word_1_369' title='bbox 138 3245 203 3294; x_wconf 76' lang='lat' dir='ltr'>&#39;For</span> <span class='ocrx_word' id='word_1_370' title='bbox 213 3245 261 3293; x_wconf 92' lang='lat' dir='ltr'>this</span> <span class='ocrx_word' id='word_1_371' title='bbox 273 3245 435 3305; x_wconf 85' lang='lat' dir='ltr'>subjunctive,</span> <span class='ocrx_word' id='word_1_372' title='bbox 448 3261 490 3292; x_wconf 87' lang='lat' dir='ltr'>see</span> <span class='ocrx_word' id='word_1_373' title='bbox 504 3245 583 3293; x_wconf 84' lang='lat' dir='ltr'>Grum.</span> <span class='ocrx_word' id='word_1_374' title='bbox 596 3245 610 3298; x_wconf 71' lang='lat' dir='ltr'>l</span> <span class='ocrx_word' id='word_1_375' title='bbox 621 3249 672 3303; x_wconf 79' lang='lat'>360,</span> <span class='ocrx_word' id='word_1_376' title='bbox 685 3251 707 3294; x_wconf 77' lang='lat'>4.</span> 
     </span>
     <span class='ocr_line' id='line_1_45' title="bbox 136 3309 663 3369; baseline 0.008 -11"><span class='ocrx_word' id='word_1_377' title='bbox 136 3310 197 3358; x_wconf 75' lang='lat' dir='ltr'>‘An</span> <span class='ocrx_word' id='word_1_378' title='bbox 208 3310 306 3366; x_wconf 84' lang='lat' dir='ltr'>adverb,</span> <span class='ocrx_word' id='word_1_379' title='bbox 322 3311 370 3369; x_wconf 90' lang='lat' dir='ltr'>‘by</span> <span class='ocrx_word' id='word_1_380' title='bbox 380 3325 464 3357; x_wconf 87' lang='lat' dir='ltr'>means</span> <span class='ocrx_word' id='word_1_381' title='bbox 475 3309 504 3358; x_wconf 84' lang='lat' dir='ltr'>os</span> <span class='ocrx_word' id='word_1_382' title='bbox 515 3311 663 3362; x_wconf 55' lang='lat' dir='ltr'>inmanes?</span> 
     </span>
    </p>
   </div>
   <div class='ocr_carea' id='block_1_6' title="bbox 136 3363 1062 3502">
    <p class='ocr_par' dir='ltr' id='par_1_11' title="bbox 136 3363 1062 3502">
     <span class='ocr_line' id='line_1_46' title="bbox 137 3363 741 3425; baseline 0.002 -3"><span class='ocrx_word' id='word_1_383' title='bbox 137 3373 216 3422; x_wconf 78' lang='lat' dir='ltr'>&#39;‘Did</span> <span class='ocrx_word' id='word_1_384' title='bbox 228 3384 269 3423; x_wconf 89' lang='lat' dir='ltr'>not</span> <span class='ocrx_word' id='word_1_385' title='bbox 280 3373 360 3423; x_wconf 83' lang='lat' dir='ltr'>refuso</span> <span class='ocrx_word' id='word_1_386' title='bbox 372 3384 398 3422; x_wconf 87' lang='lat' dir='ltr'>to</span> <span class='ocrx_word' id='word_1_387' title='bbox 409 3374 523 3425; x_wconf 84' lang='lat' dir='ltr'>continue</span> <span class='ocrx_word' id='word_1_388' title='bbox 533 3374 597 3423; x_wconf 85' lang='lat' dir='ltr'>their</span> <span class='ocrx_word' id='word_1_389' title='bbox 607 3375 717 3424; x_wconf 71' lang='lat' dir='ltr'>seruies!</span> <span class='ocrx_word' id='word_1_390' title='bbox 738 3363 741 3367; x_wconf 45' lang='grc'>’</span> 
     </span>
     <span class='ocr_line' id='line_1_47' title="bbox 136 3428 1062 3502; baseline -0.012 -16"><span class='ocrx_word' id='word_1_391' title='bbox 136 3434 273 3486; x_wconf 66' lang='grc' dir='ltr'>’Μαι</span> <span class='ocrx_word' id='word_1_392' title='bbox 287 3436 311 3486; x_wconf 84' lang='lat' dir='ltr'>is</span> <span class='ocrx_word' id='word_1_393' title='bbox 328 3441 358 3487; x_wconf 80' lang='lat' dir='ltr'>‘a</span> <span class='ocrx_word' id='word_1_394' title='bbox 373 3437 495 3489; x_wconf 77' lang='lat' dir='ltr'>confused</span> <span class='ocrx_word' id='word_1_395' title='bbox 510 3438 628 3502; x_wconf 63' lang='lat' dir='ltr'>talking:</span> <span class='ocrx_word' id='word_1_396' title='bbox 647 3437 728 3488; x_wconf 48' lang='lat' dir='ltr'>meu</span> <span class='ocrx_word' id='word_1_397' title='bbox 739 3447 820 3492; x_wconf 67' lang='lat' dir='ltr'>musy</span> <span class='ocrx_word' id='word_1_398' title='bbox 836 3428 925 3490; x_wconf 45' lang='lat' dir='ltr'>spes&amp;</span> <span class='ocrx_word' id='word_1_399' title='bbox 934 3433 968 3473; x_wconf 54' lang='lat' dir='ltr'>s&amp;</span> <span class='ocrx_word' id='word_1_400' title='bbox 980 3433 1062 3470; x_wconf 60' lang='lat' dir='ltr'>‘ems</span> 
     </span>
    </p>
   </div>
   <div class='ocr_carea' id='block_1_7' title="bbox 0 0 1142 3772">
    <p class='ocr_par' dir='ltr' id='par_1_12' title="bbox 0 0 1142 3772">
     <span class='ocr_line' id='line_1_48' title="bbox 0 0 1142 3772; baseline 0 0"><span class='ocrx_word' id='word_1_401' title='bbox 0 0 1142 3772; x_wconf 95' lang='lat' dir='ltr'> </span> 
     </span>
    </p>
   </div>
  </div>
 </body>
</html>
