2274 3772
490 158 582 200 maan
601 157 641 198 rr.
981 144 1019 200 ab

152 274 189 321 10.
208 268 259 322 Sed
270 276 332 322 aute
349 267 473 339 jacienda
490 267 576 321 moles
593 275 657 338 erat,
670 284 739 338 quae
759 263 904 320 continenti
923 265 1018 322 urbem

113 339 298 396 committeret.
342 339 439 406 ingens
461 355 523 405 ergo
546 336 648 391 animos
670 337 785 391 militurn
808 336 957 406 desperatio
981 338 1018 391 iu·

73 467 75 471 ,
113 409 202 478 cessit,
222 409 388 461 cernentium
410 407 570 477 profundum
594 423 675 476 mare,
697 407 767 476 quod
789 406 833 459 rix
855 407 946 459 divina
968 422 1019 477 ope

75 475 84 495 Χ
112 487 202 548 posset
224 477 342 547 impleri:
367 493 435 545 quae
460 493 523 528 saxa
547 485 600 528 tam
625 486 707 545 vasta,
729 493 796 546 quas
819 485 874 529 tam
897 492 1020 546 proceras

112 548 218 600 arbores
235 564 312 617 posse
331 546 456 616 reperiril
475 544 669 600 exhauriendas
686 563 746 598 esse
765 546 893 614 regiones,
906 553 936 598 ut
955 544 1019 598 illud

114 619 230 687 spatium
250 617 471 685 exagge1·aretur,¹
489 623 646 667 exaestuare
666 632 771 684 semper
788 615 895 682 fretum,
914 630 1019 684 quoque

112 688 195 739 artius
214 686 354 738 volutetur²
376 686 444 737 inter
467 682 580 736 insulam
604 693 631 736 et
655 686 842 753 continentem,
864 683 914 736 hoc
934 685 1030 756 acriusx

112 755 209 808 furere.
246 758 281 808 At
302 755 347 807 ille
366 753 573 823 haudquaquam
597 753 671 805 rudis
693 754 869 824 pertractandi
892 753 1020 807 militares

112 824 225 894 animos,
244 842 257 876 s
276 825 363 877 eciem
383 823 434 876 sibi
454 822 575 875 Herculis
594 823 620 875 in
640 840 732 875 somno
749 824 866 876 oblatam
886 840 946 876 esse
963 839 1020 893 pro·

113 894 223 962 nuntiat,
267 903 370 949 extrarn
393 892 563 962 porrigentis:
594 892 639 944 illo
665 892 741 962 duce,
766 893 810 945 illo
834 893 970 962 aperiente
993 893 1021 946 iu

112 965 208 1024 urbem
232 963 327 1015 intrare
351 979 380 1013 se
405 962 499 1014 visum.
535 961 606 1014 luter
628 961 696 1014 haec
726 962 915 1015 caduceatores
944 963 1040 1021 inim.

113 1032 205 1100 sectos,
226 1033 346 1098 gentium
367 1030 425 1101 jura
444 1030 541 1082 violata
560 1030 707 1083 referebat:
732 1049 813 1085 unam
834 1048 894 1084 esee
914 1031 1018 1099 urbem,

113 1118 183 1170 quae
203 1118 311 1154 cursum
334 1100 440 1164 victoris
462 1099 557 1152 morari
579 1117 645 1152 ausa
668 1115 747 1153 esser.
783 1101 902 1154 Ducibus
923 1100 1021 1154 deinde

113 1171 250 1238 negotium
268 1170 352 1240 datur,
367 1180 394 1222 ut
413 1185 473 1222 suos
490 1169 603 1238 quisque
621 1171 753 1239 castiget,³
764 1171 882 1239 satisque
899 1171 1021 1223 omnibus

113 1238 262 1308 stimulatis,
280 1256 346 1309 opus
365 1256 438 1292 orsus
457 1247 507 1291 est.
542 1240 643 1306 Magna
661 1242 703 1292 uis
723 1257 844 1293 saxorum
861 1239 895 1291 ad
912 1256 1021 1293 manum

112 1318 177 1378 erat,
202 1310 272 1378 Tyro
295 1320 385 1361 vetere
408 1307 567 1377 praebente:
599 1310 724 1361 materies
747 1327 779 1362 ex
804 1309 905 1362 Libano
933 1317 1022 1362 moute

113 1379 211 1431 ratibus
228 1388 255 1430 et
273 1379 386 1432 turribus
404 1377 535 1430 iaciendis
551 1378 740 1431 advehebatur.
776 1380 890 1447 Jamque
908 1395 924 1430 a
941 1377 1030 1437 lunda,

111 1448 194 1502 maris
205 1448 231 1500 in
243 1448 409 1500 altitudinem
421 1447 552 1500 modicam
572 1465 587 1499 o
607 1466 638 1501 us
655 1456 782 1518 creverat,
796 1447 914 1501 nondum
932 1456 1023 1501 tamea

111 1534 197 1587 aquae
210 1517 344 1586 fastigium
356 1517 502 1586 aequabat:
517 1535 578 1570 cum
586 1466 668 1587 dyrii,
680 1518 765 1587 parvis
777 1517 888 1586 navigiis
898 1517 1021 1586 admotis,

111 1603 159 1665 per
171 1587 314 1639 ludibrium
333 1586 544 1656 exprobrabarrt,⁴
561 1587 620 1638 illos
638 1589 719 1640 armis
736 1588 840 1640 inclitos
858 1587 934 1640 dorso
952 1588 1021 1640 sicut

111 1666 232 1725 Jumenta
258 1673 338 1708 onera
364 1668 482 1724 gestare:
513 1656 708 1724 interrogabunt
735 1659 825 1726 etiam,
849 1674 914 1710 num
938 1657 1023 1726 major

112 1727 236 1794 Neptuno
248 1725 399 1779 Alexander
411 1725 500 1777 essetl
536 1727 616 1778 Haeo
628 1727 687 1796 ipsa
704 1727 843 1779 insectatio
855 1726 1023 1779 alacritatem

112 1795 227 1848 militum
239 1795 371 1847 accendit.

151 1871 189 1916 ll.
207 1866 321 1932 Jamque
339 1863 448 1933 paulum
468 1863 552 1917 moles
568 1866 648 1933 aqua⁵
666 1864 809 1933 eminebat,
829 1874 856 1917 et
880 1864 960 1917 simul
977 1881 1022 1932 ag·

111 1932 183 2001 geris
203 1933 313 1986 latitudo
333 1933 488 2002 crescebat„
501 1933 612 2001 urbique
635 1933 842 1994 admovebatur:
854 1949 929 1986 cum
948 1933 1022 2003 Tyrii

112 2004 295 2070 magnitudine
313 2002 399 2071 molis,
413 2001 490 2081 cujus
501 2002 694 2055 incrementum
713 2019 760 2055 eos
776 2012 856 2056 antea
873 2002 1023 2074 fefellerat,⁶

111 2082 261 2142 conspecta,
274 2073 378 2125 levibus
390 2071 504 2140 navigiis
515 2071 631 2124 nondum
644 2073 817 2126 commissum
828 2089 895 2142 opus
912 2074 1023 2127 circurn-

112 2141 151 2193 ire
169 2152 311 2212 coeperunt
332 2141 478 2195 missilibus
494 2157 600 2210 quoque
618 2159 671 2210 eos,
685 2143 730 2211 qui
748 2158 793 2212 pro
811 2157 890 2213 opere
908 2142 1021 2212 stabant,

113 2211 272 2264 incessere„
322 2211 384 2264 ultis
396 2227 458 2279 ergo
476 2209 585 2280 impune
598 2212 748 2280 vulneratis,
762 2229 823 2265 cum
843 2221 870 2265 et
887 2227 1023 2264 removere

114 2288 141 2331 et
153 2280 286 2348 appellere
298 2281 413 2350 scaphas
425 2283 451 2333 in
464 2280 587 2349 expedito
599 2283 690 2348 esset,⁷
700 2281 734 2333 ad
747 2298 838 2334 curam
851 2289 936 2333 semet
953 2281 1024 2349 ipsos

114 2350 204 2402 tuendi
216 2349 251 2402 ab
263 2367 341 2419 opere
353 2355 551 2402 converterant:
571 2358 598 2401 et
616 2366 668 2418 quo
686 2350 789 2418 longius
799 2351 885 2403 moles
895 2349 1024 2418 agebatur

113 2433 131 2472 a
151 2416 233 2488 litore,
254 2419 305 2472 hoc
324 2418 410 2486 magis
432 2418 559 2487 quicquid
579 2418 747 2486 ingerebatur
765 2418 912 2489 praealtum
934 2417 1023 2470 absor-

113 2485 194 2539 bebat
217 2484 299 2540 inere.
335 2487 418 2555 igitur
442 2503 487 2539 rex
510 2486 693 2540 munientibus
715 2488 785 2539 coria
810 2487 922 2555 velaque
944 2485 1024 2557 jussit
1100 2489 1104 2496 '

112 2555 229 2624 obtendi,
243 2566 272 2609 ut
283 2566 357 2609 extra
369 2555 415 2608 teli
426 2555 527 2624 jactum
540 2564 644 2608 essent:
660 2557 783 2624 duasque
795 2564 880 2608 turres
891 2572 926 2610 ex
936 2556 1023 2626 capite

111 2625 190 2690 molis
208 2627 311 2696 erexit‚⁸
322 2643 338 2678 e
350 2626 448 2694 quibus
460 2625 484 2677 in
497 2624 642 2678 subeuntes
659 2625 774 2709 scaphas
792 2624 845 2678 tela
863 2625 946 2694 ingeri
962 2642 1023 2697 poa·

141 2761 148 2784 ¹
162 2755 215 2804 ‘To
225 2755 260 2803 fill
270 2772 302 2815 up
314 2755 365 2804 tlmt
377 2769 448 2822 space
461 2753 518 2800 with
530 2769 544 2800 a
554 2753 634 2802 mole!

140 2819 150 2844 ²
162 2815 233 2863 ‘And
245 2815 285 2862 the
298 2829 418 2863 nurrower
428 2823 460 2861 rte
471 2828 556 2860 course
569 2813 638 2869 was,'
652 2813 700 2862 dcc.

113 2933 117 2942 .
140 2874 223 2943 'This
235 2874 299 2961 word
311 2873 416 2932 implica,
432 2872 553 2978 ‘¹⁰.bfii¹¹g
569 2873 610 2978 {he
624 2881 684 2941 ¹men
694 2883 720 2921 te
730 2872 794 2921 their
803 2872 873 2934 duty,
885 2875 919 2935 by
929 2872 1018 2930 words,

111 2932 133 2980 If
140 2932 695 3061 desrllibb'cdbsbidodidnpdin‘lbcxetbmporale,’
705 3007 747 3040 see
758 2991 838 3040 Grom.
848 2992 862 3044 l
871 2995 923 3050 3⁵5,
933 3001 990 3041 uota
1001 2994 1020 3039 l.

139 3058 149 3139 ἶ
162 3116 167 3136 ·
178 3067 232 3158 tlt
241 3049 448 3158 lslrtlrrlll
458 3067 485 3098 θ’
495 3066 565 3110 “lm“

140 3173 148 3195 ¹
161 3168 198 3216 ‘It
209 3185 260 3217 was
271 3126 330 3229 eady
338 3169 374 3216 for
385 3168 461 3223 thern,
470 3156 528 3228 they
537 3183 601 3216 were
610 3178 651 3216 not
658 3169 806 3228 prevented!
833 3168 881 3216 We
889 3183 934 3228 say
942 3183 979 3216 m
988 3176 1023 3235 cat

112 3229 137 3276 in
149 3231 261 3296 expedite
274 3244 306 3276 on
317 3227 358 3276 the
369 3243 436 3275 same
448 3227 551 3297 analogy
561 3242 588 3276 as
600 3244 636 3276 rea
645 3237 679 3276 cst
690 3231 717 3276 in
725 3230 802 3285 debeb,
815 3230 842 3277 ira
851 3236 938 3290 aperto.
969 3225 992 3274 It
1001 3241 1022 3274 rs

110 3287 542 3402 eqaedbbsmt‘dd‘drrseddddfffldzaeere,
557 3348 614 3416 ‘'out
630 3345 658 3416 oi
669 3345 711 3393 the
727 3354 768 3416 top
783 3345 812 3394 ci
823 3344 865 3393 ths
880 3343 961 3394 mole.'
993 3343 1024 3394 In

110 3403 152 3453 the
163 3414 221 3454 next
232 3405 331 3466 chapter
339 3421 383 3455 our
392 3403 479 3453 author
488 3419 547 3452 uses
557 3420 584 3454 arr
593 3412 669 3467 capus
678 3406 754 3454 nolu.
