2274 3772
490 189 581 229 crana
601 165 630 229 r.
872 144 874 149 .
971 173 1026 227 tuo

112 298 234 351 Mennim
258 298 352 352 urbem
375 297 503 367 pervenit.
551 297 672 350 Caverna
694 297 731 351 ibi
755 305 804 367 est,
828 314 863 351 ex
886 314 939 367 qua
966 296 1026 350 sons

113 369 247 436 ingentem
273 367 410 421 bituminis
437 367 489 418 vim
520 365 641 436 effundit,
666 367 741 436 adeo,
765 375 795 420 ut
821 367 886 420 satis
912 377 1023 437 constet,

114 436 271 507 Babylonios
299 454 388 490 muros
418 437 532 504 ingentis
560 437 647 507 operis
675 435 756 506 hujus
784 435 864 505 fontis
891 436 1024 490 bitumine

113 507 241 559 interlitos
253 525 322 559 esse.

147 581 170 627 3.
190 579 312 629 Ceterum
333 575 468 645 Babylona
487 574 639 645 procedenti
656 574 807 628 Alexandro
822 575 960 646 Mazaeus,
979 577 1024 645 qui

112 663 146 699 ex
159 647 216 698 acie
229 647 255 698 in
269 663 328 698 eam
341 645 435 697 urbem
447 644 609 713 confugerat,
623 662 685 699 curu
697 645 794 698 adultis
806 645 896 698 liberis
913 645 1024 716 supplex

112 717 230 785 occurrit,
244 714 341 783 urbem
350 731 432 783 seque
445 713 555 766 dedens.
585 711 820 767 Gratusad'ventus
830 714 888 784 ejus
901 716 955 784 regi
965 715 1024 786 fuit,

111 786 209 854 quippe
228 785 318 852 magni
334 784 422 854 uperis
435 784 536 836 obsidio
554 783 642 836 lutura
659 793 715 836 erat
733 794 789 837 tam
807 785 926 837 munitae
944 784 1024 837 urbis.

111 854 153 908 Ad
179 855 229 906 hoc
252 856 293 906 vir
316 853 425 906 illustris
458 862 484 905 et
508 869 589 906 manu
618 862 764 923 promptus,
788 853 913 923 famaque
942 855 1025 907 etiam

108 925 229 996 proximo
249 923 348 992 proelio
368 893 498 991 celebris,¹
518 930 544 974 et
564 930 667 976 ceteros
685 923 719 976 ad
739 922 902 976 deditionem
923 924 961 976 sui
986 924 1025 976 in·

111 994 239 1046 citaturus
263 991 385 1060 exemplo
404 992 550 1044 videbatur.
593 992 674 1060 igitur
692 992 763 1046 hunc
781 992 891 1063 quidem
909 993 1024 1062 benigne

112 1080 175 1116 cum
195 1062 287 1114 liberis
310 1061 424 1130 excipit:
449 1070 568 1114 ceterum
591 1061 718 1131 quadrato
741 1062 856 1132 agmine,
877 1063 947 1146 quod
969 1064 1025 1132 ipse

112 1131 237 1198 ducebat,
256 1131 329 1183 velut
348 1131 373 1183 in
393 1131 491 1184 aciem²
510 1131 585 1199 irent,
604 1131 707 1200 ingredi
727 1136 789 1185 suos
809 1131 887 1185 'ubet¹
925 1133 1026 1200 Magna

112 1217 175 1272 pars
194 1199 397 1270 Babyloniorum
417 1201 580 1254 constiterat³
598 1201 623 1253 in
644 1202 733 1271 muris,
753 1149 832 1254 avida
850 1201 1026 1270 cognoscendi

112 1286 213 1323 novum
226 1287 324 1340 regern,
337 1269 426 1340 plures
441 1270 548 1323 obviarn
560 1271 660 1339 egressi
673 1280 742 1324 sunt.
778 1272 849 1324 Inter
862 1288 927 1341 quos
944 1271 1026 1339 Bago·

112 1339 222 1410 phanes,
236 1340 304 1392 arcis
316 1348 342 1393 et
360 1341 448 1408 regiae
460 1341 590 1409 pecuniae
609 1349 705 1410 custos,
719 1359 752 1394 ne
772 1339 860 1394 studio
877 1359 895 1393 a
913 1341 1026 1393 Mazaeo

112 1409 269 1479 vinceretur,
283 1418 366 1462 toturn
379 1411 429 1462 iter
440 1410 548 1463 floribus
559 1409 725 1479 coronisque⁴
736 1420 921 1480 constraverat,
935 1427 1026 1479 argen-

113 1479 166 1532 teis
178 1478 304 1532 altaribus
322 1487 431 1548 utroque
449 1479 533 1532 latere
551 1479 694 1549 dispositis,
707 1497 776 1549 quae
794 1497 843 1534 non
863 1490 920 1534 ture
939 1479 1025 1550 modo,

113 1548 161 1603 sed
174 1549 297 1602 omnibus
308 1548 432 1602 odoribus
448 1549 639 1602 cumulaverat.
676 1550 751 1602 Dona
763 1567 826 1603 eum
839 1550 1025 1620 sequebantur,

113 1635 209 1687 greges
217 1635 365 1687 pecorume
387 1635 540 1686 uerumque,
551 1619 642 1672 leones
650 1636 756 1692 quoque
768 1629 795 1673 et
806 1621 930 1690 pardales
937 1619 1028 1673 caveis

113 1688 337 1758 praeferebantur.
370 1699 372 1703 ’
405 1706 421 1740 a
441 1689 449 1740 i
472 1687 576 1758 deinde,
598 1706 646 1741 suo
669 1705 742 1742 more
762 1707 869 1743 carmen
890 1697 1018 1742 canentes

113 1769 171 1827 poet
192 1756 245 1810 hos'
258 1756 405 1827 Chaldaei,⁶
422 1707 681 1828 babyloniorumque
701 1775 753 1811 non
774 1768 850 1811 vates
869 1759 955 1826 modo,
979 1727 1027 1811 sed

114 1828 198 1880 etiarn
221 1827 336 1884 artifices
359 1845 423 1880 curn
445 1827 544 1880 fidibus
567 1827 606 1879 sui
626 1828 733 1896 generis
751 1828 834 1882 ibant.
871 1828 976 1880 Laudes
999 1826 1027 1879 hi

114 1904 206 1966 regum
231 1913 328 1949 canere
351 1897 427 1967 soliti,
452 1897 580 1949 Chaldaei
610 1897 726 1949 siderum
754 1906 844 1950 motus
867 1906 894 1948 et
918 1889 1028 1949 statutas

113 1967 187 2019 vices
206 1975 356 2036 temporum
373 1966 525 2019 'ostendere
562 1967 674 2036 Equites
694 1966 792 2019 deinde
812 1966 958 2037 Babylonii,
980 1983 1028 2018 suo

112 2043 295 2105 equorumque
313 2035 386 2089 cultu
405 2034 440 2087 ad
458 2035 588 2088 luxuriam
601 2036 687 2104 rhagis
704 2053 787 2105 quarn
804 2036 838 2106 ad
857 2036 1027 2104 magnificen-

113 2105 178 2158 tiam
198 2105 311 2175 exactat
334 2106 420 2159 ultimi
436 2105 525 2158 ibant.
562 2107 625 2175 Rex,
647 2105 766 2158 armatis
780 2107 900 2177 stipatus,
920 2104 1027 2176 oppida-

116 2190 207 2228 norum
231 2175 335 2228 turbam
358 2183 417 2246 post
439 2175 546 2230 ultimos
569 2176 674 2245 pedites
696 2175 733 2229 ire
760 2175 850 2229 ‘ussitz
880 2176 937 2229 ise
962 2192 1024 2229 cum

118 2246 200 2296 curru⁷
212 2244 312 2314 urbem,
325 2262 358 2298 ac
370 2245 474 2297 deinde
486 2246 585 2314 regiam
604 2246 718 2298 intravit.
755 2193 862 2299 lestero
878 2193 922 2298 dle
941 2245 1027 2315 supel-

122 2313 231 2364 ectilem
244 2313 322 2366 Darei
335 2322 361 2367 et
373 2331 480 2367 omnem
493 2314 632 2384 pecuniam
646 2315 802 2383 recognovit.
819 2341 820 2345 ¹

148 2387 173 2434 4.
193 2382 316 2435 Ceterum
328 2383 413 2452 ipsius
431 2383 504 2441 urbis
516 2383 684 2453 pulchritudo
703 2401 736 2436 ac
753 2392 879 2452 vetustas,
893 2401 944 2436 non
957 2383 1028 2462 regis

124 2451 201 2520 nodo,
222 2450 270 2504 sed
289 2452 370 2504 etiam
389 2451 509 2504 omnium
533 2453 624 2505 oculus
644 2454 670 2505 in
692 2460 778 2505 semet
797 2451 869 2505 haud
894 2453 1026 2505 immerito

126 2522 262 2574 unvertit.⁸
304 2521 459 2574 Semiramis
488 2539 549 2574 eam
576 2521 740 2591 condiderat,
765 2539 824 2591 non,
848 2530 877 2574 ut
906 2521 1025 2592 plerique

129 2644 188 2690 {vers
199 2641 250 2690 still
261 2641 320 2700 kept
331 2641 394 2690 their
409 2651 518 2701 separate
529 2657 637 2699 courses,
651 2641 743 2703 though
759 2641 800 2690 the
816 2657 913 2701 process
929 2642 957 2690 ot
967 2659 1023 2691 oon-

131 2702 210 2750 ection
219 2701 267 2749 had
278 2703 366 2761 begun.
376 2736 378 2740 Α

142 2760 309 2810 ¹Forceleher.
342 2759 389 2808 See
403 2760 557 2820 Gramtssfi.

140 2819 324 2874 '‘Intobattle
332 2820 349 2877 ;'
367 2819 505 2879 equivalent
517 2829 542 2867 to
557 2823 710 2884 adpugnare,
723 2822 749 2869 in
760 2823 891 2882 proclinent,¹
910 2821 1024 2883 literally‚

135 2881 181 2927 [nto
193 2879 268 2935 battle
281 2880 367 2939 arrayss

140 2944 150 2968 ³
162 2938 232 2986 ‘Had
242 2938 363 2989 stationed
373 2938 545 2996 themselves3’
557 2939 610 2987 that
621 2939 651 2997 is,
667 2943 745 2988 ‘were
756 2939 885 3001 stauding.'

140 2998 207 3045 ‘See
219 2997 250 3045 iv.
265 3001 301 3053 17,
313 3001 345 3045 ad
349 2999 396 3058 flu.
475 3034 477 3036 .

142 3065 151 3089 ⁸
161 3057 217 3105 'rue
240 3057 311 3104 riests
319 3057 346 3104 os
352 3057 392 3104 the
401 3056 501 3105 Persian
508 3057 608 3118 religion
615 3073 680 3106 were
687 3057 797 3106 calledM
831 3058 932 3117 ';olthe
941 3056 1022 3117 Baby-

141 3117 202 3173 nian,
239 3116 362 3164 haldenus.
395 3116 478 3164 These
495 3116 566 3165 latter
577 3132 640 3165 were
657 3116 794 3166 celebrated
818 3133 846 3166 or
861 3118 923 3166 their
938 3117 1023 3165 know·

143 3176 184 3237 lge
195 3175 223 3224 cl
229 3185 375 3235 astronomy.
408 3175 462 3223 The
469 3194 561 3224 carmen
569 3176 649 3224 which
660 3176 702 3224 the
713 3175 782 3237 Magi
791 3193 852 3238 sang
860 3193 911 3224 was
922 3175 1024 3234 perhaps

145 3235 275 3342 1⁹1⁰l1¹h⁰⁸⁰
286 3233 339 3295 lays
350 3234 431 3282 which
441 3235 503 3283 their
514 3236 724 3295 representatives,
737 3236 779 3284 the
791 3236 894 3284 Parsees
905 3234 933 3281 ol
945 3234 1022 3292 India,

175 3304 255 3342 cant.

147 3360 152 3440 Ἰ
163 3354 216 3460 gur
222 3353 312 3460 {uther
322 3353 444 3464 epiqlpptly
455 3353 547 3412 praises
557 3355 739 3416 magnificentia,
752 3355 796 3402 but
807 3352 900 3401 blames
911 3354 1017 3401 lunaria.

182 3429 211 3460 ee
244 3428 284 3460 um
302 3421 321 3466 t,
405 3448 411 3459 .

150 3428 327 3521 *Wacanwbll
332 3470 426 3520 believe
434 3470 497 3520 their
502 3470 691 3522 utonishmsut.
708 3469 763 3522 Oui
770 3463 1058 3524 cathecumenum
