2274 3772
491 168 586 209 arasa·
608 169 649 208 rv.
982 150 1020 205 99

117 279 215 333 simum
227 276 334 347 patebat
346 276 402 346 iter,
415 275 460 328 alii
472 276 579 328 divisos¹
591 275 674 328 saltus
691 283 718 327 et
736 275 838 343 ignotas
850 274 1021 343 sequentibus

117 346 200 400 calles
214 348 347 416 petebant.
384 346 474 414 Eques
485 345 619 415 pedesque
631 343 732 397 confusi
750 345 806 396 sine
824 342 899 414 duce,
912 343 1021 406 armatis

118 416 240 486 inermes,
265 415 372 484 integris
400 414 503 467 debiles
530 413 740 482 implicabantur.
785 412 896 481 Deinde,
921 412 1020 464 miseri·

119 486 206 538 cordia
218 485 244 537 in
257 492 359 537 metum
373 501 456 552 versa,
469 484 514 553 qui
533 483 609 550 sequi
628 499 678 534 non
697 492 822 551 poterant,
836 482 904 534 inter
916 491 1021 534 mutuos

117 554 233 622 gemitus
257 553 454 607 deserebantur.
498 551 560 604 Sitis
578 551 718 620 praecipue
736 550 858 618 fatigatos
875 559 902 602 et
920 551 1022 602 saucios

117 623 265 693 perurebat,
286 622 439 692 passimque
462 620 585 674 omnihus
608 620 671 671 rivis
694 627 883 688 prostraverant
906 635 1019 688 corpora,

117 692 348 761 praeterfluentem
371 707 469 759 aquam
493 689 576 741 hianti
600 705 644 740 ore
667 696 812 757 captantes.
848 688 935 745 Quam
959 705 1021 739 cum

117 760 196 812 avide
214 760 347 813 turbidam
366 759 521 827 hausissent,
535 757 710 810 tendebantur
722 757 855 826 extemplo
871 757 1021 826 praecordia

117 838 255 899 premente
278 829 349 898 limo,
371 827 543 896 resolutisque
568 834 595 879 et
618 826 780 894 torpentibus
803 827 936 895 membris,
958 842 1020 877 cum

119 899 314 968 supervenisset
327 897 416 966 hostis,
426 898 501 949 novis
509 893 661 948 vulneribus
673 894 863 947 excitabantur.
898 894 1020 964 Quidam,

118 968 253 1038 occupatis
270 967 394 1035 proximis
412 965 482 1034 rivis,
495 965 663 1016 deverterant
680 963 789 1032 longius,
802 975 831 1016 ut
842 963 967 1084 quicquid
979 979 1021 1015 oc·

120 1036 184 1087 culti
198 1035 313 1087 humoris
326 1051 437 1102 usquam
449 1042 576 1101 manaret,
590 1033 748 1102 exciperent,
762 1049 811 1085 neo
823 1034 848 1086 ul
860 1034 950 1085 aadeu
962 1032 1026 1085 avia.

121 1112 148 1155 et
161 1107 232 1156 sicca
244 1102 351 1156 lacuna²
363 1112 426 1172 erat,
440 1113 468 1155 ut
480 1101 665 1171 vestigantium
678 1102 749 1154 sitim
764 1101 873 1155 lallaret.
905 1103 927 1154 E
939 1101 1022 1171 proxi·

120 1172 173 1224 mis
184 1189 245 1224 veru
257 1171 344 1224 itineri
356 1173 422 1224 vicis
434 1172 550 1225 ululatds
561 1186 656 1225 senum
667 1169 881 1240 feminarumque
899 1169 1022 1223 exaudie-

120 1240 221 1311 bantur,
234 1241 344 1294 barbaro
357 1243 405 1294 ritu
417 1242 531 1294 Dareum
544 1240 632 1292 adhuc
645 1257 734 1307 regem
746 1239 938 1309 clamantium.³

155 1315 196 1363 62.
215 1310 372 1381 Alexander,
386 1320 413 1362 ut
432 1310 627 1380 supradictum
646 1312 706 1378 est,⁴
725 1308 834 1361 inhibito
851 1325 957 1360 suorum
975 1307 1022 1360 im·

119 1389 182 1448 petu
204 1379 237 1430 ad
262 1380 362 1448 Lycum
387 1397 494 1438 amnem
517 1378 678 1447 pervenerat,
698 1378 744 1430 ubi
768 1379 862 1445 ingens
884 1376 1023 1429 multitudo

117 1448 276 1516 fugientium
289 1459 442 1502 oneraverat
452 1456 570 1528 pontem,
584 1456 610 1499 et
628 1447 753 1523 plerique,
767 1464 829 1500 cum
848 1446 931 1499 hostis
948 1463 1023 1514 urge-

119 1527 165 1586 ret,
178 1518 203 1570 iu
216 1518 315 1570 flumen
329 1535 359 1570 se
370 1518 613 1588 praecrpitaverant,
627 1532 773 1586 gravesque
785 1517 865 1569 amris
882 1525 909 1568 et
927 1516 1023 1585 proelio

110 1603 150 1638 -ac
173 1586 236 1654 fuga
260 1585 396 1655 defatigati
419 1585 568 1656 gurgitibus
591 1584 787 1638 hauriebantur.
832 1586 948 1654 Jamque
972 1603 1023 1637 non

108 1666 184 1725 'pons
195 1655 272 1708 modo
290 1656 422 1724 fugientes
443 1656 489 1707 sed
502 1672 536 1707 ne
548 1655 635 1707 amnis
652 1655 760 1723 quidem
779 1655 900 1724 capiebat
917 1655 1024 1722 agmina

117 1741 166 1776 sua
178 1724 322 1793 improvide
335 1695 446 1778 subinde
464 1724 645 1777 cumulantes:
664 1725 763 1793 quippe
781 1724 826 1776 ubi
844 1724 950 1775 intravit
968 1725 1023 1775 ani·

117 1809 176 1846 mos
193 1810 279 1862 pavor,
293 1794 317 1845 id
337 1792 423 1846 solum
440 1802 568 1861 metuunt,
587 1794 655 1861 quod
674 1793 788 1872 primum
807 1793 947 1845 formidare
965 1809 1023 1843 coe-

116 1870 218 1932 perunt.
254 1861 413 1932 Alexander,
427 1863 584 1914 instantibus
602 1863 663 1928 suis,
677 1876 786 1930 impune
803 1862 947 1913 abeuntem
965 1860 1024 1912 hos·

117 1939 173 1983 tem
186 1932 347 1998 permitteret
360 1931 443 2000 sequi,
457 1931 572 1999 hebetia,
586 1948 645 1982 esse
663 1930 723 1997 tela,
738 1938 764 1981 et
781 1947 877 1982 manus
894 1929 1022 1997 fatigatas,

117 2002 243 2068 tantoque
257 2016 333 2053 cursu
344 2016 451 2070 corpora
469 1998 606 2069 exhausta,
619 2007 646 2050 et
664 2015 791 2068 praeceps
809 1999 834 2050 in
853 2010 958 2050 noctem
970 1997 1023 2050 diei

117 2077 224 2137 tempus
235 2078 359 2121 causatus
371 2077 420 2123 est.
455 2070 557 2121 Revera
569 2069 602 2123 de
616 2067 690 2119 laevo
702 2085 790 2136 cornu,
803 2067 873 2137 quod
891 2066 978 2120 adhuc
996 2070 1022 2120 in

117 2138 253 2191 aciestare
266 2137 398 2208 credebat,
411 2138 543 2206 sollicitus,
558 2138 651 2189 reverti
668 2136 703 2189 ad
720 2136 857 2189 ferendam
873 2153 951 2206 opem
969 2137 1024 2190 suis

119 2207 229 2279 statuit.⁶
262 2207 375 2327 Jamque
393 2207 468 2276 signa
485 2214 655 2275 converterat,
669 2223 731 2259 cum
746 2208 862 2276 equites,
881 2222 898 2258 a
916 2206 1022 2258 Parme·

120 2275 197 2328 nione
219 2275 301 2343 missi,
323 2277 393 2328 ilius
416 2293 520 2345 quoque
543 2277 624 2344 partis
646 2275 783 2328 victoriam
805 2275 934 2327 nuntiant.
971 2275 1022 2326 Sed

120 2343 221 2396 nullum
234 2360 265 2395 eo
281 2344 324 2396 die
342 2345 429 2414 majus
446 2345 591 2413 periculum
609 2344 681 2412 adiit,
694 2361 774 2412 quarn
793 2344 858 2396 dum
876 2344 967 2412 copias
985 2360 1023 2395 re·

120 2412 205 2464 ducit⁶
229 2413 256 2465 in
279 2422 371 2465 castra.
419 2414 498 2465 Pauci
522 2431 584 2464 eum
607 2424 633 2464 et
657 2412 823 2481 incompositi
846 2406 1024 2480 sequebantur

120 2490 230 2534 ovantes
241 2481 355 2550 victoria,
369 2482 467 2550 quippe
484 2498 577 2533 omnes
587 2481 683 2534 'hostes
699 2493 744 2533 aut
762 2482 787 2533 in
806 2480 898 2548 fugam
916 2480 1021 2551 effusos,

119 2558 167 2604 aut
179 2551 206 2602 iu
217 2550 276 2603 acie
288 2551 418 2603 cecidisse
430 2549 588 2602 credebant:
607 2567 669 2602 cum
688 2558 794 2618 repente
806 2567 841 2602 ex
851 2549 961 2602 adverso
977 2567 993 2601 a

119 2620 206 2690 paruit
224 2637 321 2688 agmen
338 2619 465 2689 equitum,
479 2619 524 2688 qui
541 2618 624 2687 primo
643 2618 779 2670 inhibuere
798 2634 912 2687 cursum,
925 2618 984 2671 dein
1006 2637 1021 2671 e

149 2757 156 2780 ¹
169 2751 292 2800 ‘Situated
303 2764 343 2799 out
355 2751 383 2799 of
394 2751 434 2799 the
446 2766 558 2805 common
567 2751 652 2799 route.’

147 2816 157 2840 ²
167 2813 191 2858 A
203 2811 257 2858 hole
269 2811 292 2858 in
303 2810 382 2858 which
395 2821 470 2858 water
480 2808 586 2858 collecte.
618 2809 716 2859 Locum
727 2809 747 2857 is
758 2810 854 2858 derived
865 2810 926 2859 from
936 2814 1008 2861 larus.

148 2875 156 2898 ³
168 2869 288 2928 Probably
300 2870 323 2916 in
334 2869 397 2917 their
407 2869 510 2930 evening
520 2884 626 2928 prayers‚
639 2868 726 2928 ashing
741 2869 781 2916 the
797 2870 928 2918 assistance
939 2870 967 2918 of
979 2871 1019 2919 tha

118 2929 179 2990 gods
190 2929 225 2976 for
235 2928 297 2976 their
308 2928 374 2996 king.

147 2993 155 3015 ⁴
166 2989 252 3035 Above
265 2995 293 3042 (c.
305 2991 341 3041 60)
353 2999 370 3034 rt
382 3003 432 3034 was
440 2985 497 3045 only
505 2986 556 3034 said
565 2985 615 3033 that
624 2984 762 3035 Alexander
769 2987 877 3046 stopped.
908 2988 972 3035 Here
981 3004 1018 3035 we

118 3045 183 3094 leam
195 3046 245 3094 that
257 3046 274 3092 it
286 3061 336 3093 was
347 3056 370 3093 at
382 3045 517 3105 thesbridga
527 3061 585 3092 ovar
595 3045 636 3092 the
647 3045 708 3093 river
719 3045 800 3105 Lycus
811 3051 889 3101 (λύκος,
902 3044 999 3100 awolll.

149 3119 156 3143 ¹
167 3111 228 3159 This
239 3120 369 3158 statement
380 3109 463 3158 stadds
474 3110 498 3156 in
506 3125 573 3157 some
585 3122 694 3157 measure
705 3110 728 3156 in
739 3111 910 3158 contradiction
921 3122 945 3157 to
954 3111 1019 3158 what

118 3185 169 3218 was
180 3170 232 3218 said
242 3171 317 3217 above
327 3185 333 3226 ;
351 3169 455 3228 namely,
468 3168 694 3221 thatAlexander‘s
710 3168 891 3216 determination
903 3178 927 3215 to
938 3178 1018 3215 return

118 3245 168 3276 was
178 3229 253 3277 called
261 3228 323 3276 forth
332 3227 388 3287 only
397 3230 429 3286 by
438 3227 711 3286 Parmenio'suressage.
739 3227 802 3275 llere
810 3227 842 3291 he
851 3227 924 3273 forms
933 3227 974 3273 the
982 3243 1017 3274 re·

118 3287 221 3335 solution
232 3286 434 3346 spontaneously;
452 3286 498 3333 aad
514 3285 562 3334 this
577 3301 657 3333 seems
667 3296 692 3333 to
704 3288 733 3333 he
744 3286 784 3333 the
796 3300 861 3332 more
872 3296 963 3331 correct
979 3300 1017 3332 ac·

117 3356 199 3401 count,
207 3346 485 3394 iorParmenio’smesse
519 3342 1017 3403 erseonldsosrcelyhaveovenakenhim,

118 3404 191 3452 when
197 3414 222 3452 at
231 3405 289 3452 such
301 3420 315 3451 a
325 3404 433 3453 distance
439 3359 524 3459 medi.
534 3402 582 3451 had
589 3402 621 3451 he
628 3411 670 3451 not
677 3413 731 3461 stop
763 3402 812 3449 dos
819 3401 858 3448 his
863 3403 1031 3448 ovruaocorh.

145 3460 716 3523 ⁶Duraisusuallyconstruedwiththepreseut·
769 3457 1048 3510 samosataeum·
