2274 3772
460 236 551 277 ursan
571 235 602 278 x.
928 217 986 274 aba

79 352 191 416 quotiens
201 349 253 399 ludi
265 356 334 412 atque
348 346 484 397 certamina
495 349 630 406 ederentur,
642 344 765 408 inprimis
782 347 906 396 ordinibus
923 363 986 396 coro·

80 417 133 466 nati
145 422 295 478 spectarent;
312 420 383 477 utque
401 413 450 461 fato
468 413 604 463 functorum
616 413 687 461 liberi
699 413 836 474 impuberes
848 413 874 460 in
886 420 987 474 paterna

80 482 201 544 stipendia
213 482 376 530 succederent.
409 479 536 526 Craterum
545 478 706 527 Macedoniae
716 479 942 541 continentibusque
952 495 987 527 re·

80 547 194 612 gionibus
201 563 257 595 cum
265 546 366 608 imperio
372 560 484 607 praeesse
492 545 590 606 placuit,
596 544 750 605 Antipatrum
760 560 814 592 curn
822 544 988 605 supplemento

76 614 199 678 jauriorum
214 612 377 661 Macedonum
389 610 420 657 ad
433 626 516 674 regern
529 626 638 674 pergere.
672 610 806 658 Verebatur
819 609 893 667 enim,
904 626 935 657 ue
947 626 988 672 per

81 678 227 727 discordiam
240 677 356 740 praelecti
364 690 420 723 cum
432 673 577 738 Olympiade
590 675 670 740 gravis
682 676 762 737 aliqua
775 676 857 724 clades
869 675 989 736 accipere-

80 750 128 797 tur.
153 743 218 791 Nam
230 743 320 789 multas
332 743 361 790 ad
372 741 536 788 Alexandrum
547 741 661 802 epistolas
669 748 754 798 mater,
763 742 851 788 multas
861 740 989 801 Antipater

81 810 190 866 miserat,
202 808 355 870 vicissimque
373 807 434 854 altor
451 806 554 853 alterum
572 812 713 869 arroganter
730 812 755 853 et
772 807 858 853 acerbe
876 805 989 866 pleraque

82 875 162 923 facere
181 874 381 929 criminabantur,
398 888 460 934 quae
479 872 511 918 ad
529 873 633 919 dedecus
653 878 695 919 aut
713 872 885 920 detrimentum
906 870 989 933 regiae

82 939 219 1003 majestatis
231 938 383 1000 pertinerent
417 937 548 998 Postquam
560 936 627 984 enirn
639 952 721 984 rumor
733 937 808 984 occisi
820 936 886 999 regis
898 942 987 982 temere

65 1003 67 1007 ’
83 1005 196 1068 vulgatus
208 1004 233 1051 in
246 1003 416 1050 Macedoniam
435 1002 615 1062 penetravisset,
627 1008 705 1050 mater
725 1004 777 1067 ejus
795 1017 906 1063 sororque
923 1001 990 1048 (lco-

83 1077 154 1131 patra
174 1069 336 1116 tumultuatae
359 1068 462 1124 fuerant,
480 1073 505 1113 et
526 1067 588 1114 baec
610 1067 707 1129 quidem
728 1074 856 1130 paternum
879 1082 991 1130 reguum,

83 1133 212 1197 Olympias
224 1133 326 1195 Epirum
339 1133 467 1180 invaserat.
501 1131 572 1179 Forte
581 1133 639 1179 dum
651 1133 770 1196 ejusmodi
781 1133 876 1180 litterae
889 1132 991 1179 reddun-

83 1202 129 1256 l'ur,
136 1199 311 1260 Hephaestion,
320 1204 428 1245 assuetus
438 1198 547 1245 omniurn
558 1213 702 1245 arcanorum
710 1215 736 1245 se
746 1198 890 1259 participem
900 1196 991 1253 haberi,

84 1265 222 1328 resignatas
234 1265 264 1310 ab
277 1263 415 1310 Alexandro
427 1263 499 1310 simul
512 1263 663 1324 inspiciebat.
696 1262 781 1324 Neque
790 1262 866 1309 vetuit
874 1277 929 1310 eum
942 1276 991 1318 rex,

83 1331 126 1377 sed
145 1332 281 1376 detractum
300 1328 376 1391 digito
393 1328 493 1375 anulum
511 1327 547 1374 ori
565 1327 668 1390 legentis
688 1329 803 1386 admovit,
820 1327 882 1374 nihil
900 1341 991 1382 eorum,

82 1411 144 1457 quae
157 1394 291 1455 perscripta
302 1400 388 1451 essent,
400 1393 426 1440 in
439 1393 499 1440 alios
511 1392 660 1439 efferendum
678 1392 829 1456 significans.
863 1392 992 1439 Incusasse

83 1466 165 1507 autem
175 1461 258 1506 ambos
266 1459 347 1516 sertin,
357 1466 381 1506 ct
392 1459 477 1506 matris
487 1457 617 1506 insolentia
626 1465 760 1518 permotum
769 1457 928 1514 exclamasse,
937 1471 991 1502 eam

84 1541 128 1585 pro
145 1525 295 1573 habitatione
314 1526 399 1571 decern
419 1523 549 1581 mensium,
560 1523 633 1585 quam
652 1540 678 1570 in
696 1529 763 1572 utere
776 1523 821 1571 sibi
835 1522 992 1585 praebuisset,

83 1606 182 1654 gravem
194 1591 330 1637 mercedem
344 1590 457 1655 exigere:
476 1588 632 1650 Antipatrum
644 1604 701 1636 vero
718 1595 857 1652 suspectum
870 1587 993 1641 habuisse,

82 1656 152 1718 quusi
166 1661 234 1718 parta
247 1672 276 1702 ex
287 1655 415 1716 Spartanis
426 1654 525 1702 victoria
542 1654 666 1701 tollentem
684 1655 788 1714 animos,
799 1660 823 1701 et
840 1653 941 1714 irnperio
958 1658 993 1699 tot

83 1721 137 1785 jani
156 1721 180 1768 in
199 1737 275 1768 annos
293 1727 420 1799 prorpgato
437 1735 510 1780 supra
528 1718 641 1780 praefecti
659 1722 757 1766 modum
776 1720 874 1767 elatum.
908 1718 993 1778 ltaque

83 1803 139 1833 cum
159 1787 211 1848 ejus
231 1787 341 1848 gravitas
361 1791 431 1845 atque
452 1784 581 1846 integritas
602 1799 616 1829 a
636 1784 782 1845 quibusdam
805 1784 993 1844 praedicaretur,

82 1851 194 1914 subjecit,
205 1851 310 1897 exterius
322 1850 418 1911 quidem
431 1850 512 1895 album
523 1848 606 1905 videri,
615 1849 657 1895 sed
669 1848 690 1895 si
700 1849 795 1909 pertitus
806 1847 994 1912 introspiciatur,

81 1921 160 1962 totum
179 1932 231 1962 esse
250 1929 403 1975 purpureum.
437 1913 529 1960 Pressit
546 1918 629 1959 tamen
646 1913 808 1973 suspicionem
827 1928 905 1969 suam,
916 1927 993 1972 neque

84 1980 161 2027 ullum
175 1979 326 2026 ruanifcstius
338 1977 469 2025 abalienati
481 1977 558 2024 animi
576 1976 694 2024 iudicium
713 1975 832 2038 praetulit
865 1977 994 2024 Credidere

84 2051 168 2091 armen
181 2044 294 2106 plerique,
307 2043 471 2102 Antipatrum,
482 2041 578 2089 evocari
590 2058 615 2088 se
627 2043 738 2103 supplicii
758 2059 832 2090 causa
848 2049 937 2099 ratum,
949 2041 994 2089 im·

85 2109 132 2171 piis
150 2108 370 2156 machinationibus
390 2107 473 2172 regiae
494 2106 587 2164 mortis,
607 2123 669 2168 quae
687 2107 758 2170 paulo
778 2115 831 2170 post
846 2115 930 2156 secuta
950 2114 995 2164 est,

84 2181 206 2222 auctorem
220 2174 336 2221 extitisse.

119 2239 215 2287 lnterea
226 2255 275 2297 rex,
287 2246 314 2287 ut
326 2238 448 2297 imminuti
466 2238 585 2286 exercitus
597 2238 743 2287 detrimenta
754 2238 864 2298 sarciret,
875 2239 995 2300 optimum

84 2319 203 2366 quemque
222 2304 351 2352 Persarum
371 2304 396 2351 in
414 2303 586 2352 Macedonicos
604 2303 701 2352 ordines
720 2305 818 2368 allegit:
836 2304 903 2351 mille
920 2303 995 2350 etiam

85 2369 307 2432 praestantissimos
319 2369 457 2432 segregavit
469 2371 500 2417 ad
512 2368 647 2430 propiorem
664 2369 702 2417 sui
721 2369 828 2431 corporis
846 2368 995 2420 custodiam:

86 2435 161 2482 aliam
180 2434 334 2482 hastatorum
353 2450 461 2492 manum,
472 2434 538 2482 haud
558 2433 685 2494 pauciores
706 2436 791 2482 decern
810 2433 918 2490 milibus,
929 2433 996 2479 circa

85 2500 183 2564 regium
194 2499 379 2547 tabernaculum
390 2500 505 2547 excubias
517 2514 591 2563 agere
599 2498 678 2562 jussit
712 2499 781 2547 Haec
799 2515 810 2546 a
814 2498 883 2562 genti
895 2498 997 2545 Peuces-

85 2572 123 2613 tes
136 2564 273 2627 supervenit
284 2568 341 2613 cum
353 2565 441 2628 viginti
454 2565 600 2628 sagittarum
612 2564 808 2626 funditorumque
820 2563 926 2621 milibus,
937 2578 996 2624 quos

86 2646 117 2678 ex
128 2645 173 2677 sua
184 2629 308 2692 provincia
321 2631 443 2692 coegerat.
475 2630 522 2678 His
534 2645 576 2691 per
586 2628 720 2676 exereitum
730 2629 866 2677 distributis
875 2629 996 2689 profectus

86 2701 126 2743 est
135 2695 211 2753 Susis,
220 2702 246 2743 et
257 2695 372 2758 Pasitigri
384 2710 456 2743 amne
469 2694 620 2752 transmisso,
631 2695 694 2755 apud
706 2695 785 2742 Caras
798 2700 879 2743 castra
891 2700 997 2740 metatus

85 2766 138 2808 est:
151 2760 207 2808 inde
218 2761 347 2822 quatriduo
356 2777 398 2823 pcr
407 2760 548 2819 Sittacenen
561 2759 641 2808 ductis
651 2758 727 2822 copiis
737 2759 861 2808 Sambana
870 2758 997 2820 processit,

87 2825 129 2873 ubi
141 2841 183 2888 per
196 2831 288 2888 septem
302 2827 354 2874 dies
366 2827 474 2889 quietum
487 2841 577 2888 agmen
588 2824 674 2872 tenuit
707 2825 796 2873 Tridui
814 2824 900 2873 deinde
910 2824 997 2871 itinere

86 2906 187 2938 emenso
197 2891 300 2940 Celonas
312 2898 453 2953 perventum
466 2897 510 2938 est.
544 2888 667 2951 Oppidum
678 2890 724 2938 boc
738 2896 824 2939 tenent
834 2889 934 2940 Boeotia
946 2903 998 2949 pro-

87 2955 152 3014 fecti,
172 2972 231 3018 quos
253 2955 344 3004 Xerxes
368 2956 466 3004 sedibus
486 2955 536 3003 suis
556 2955 647 3002 excitos
667 2955 693 3002 in
713 2953 838 3003 Orientem
859 2953 997 3003 transtulit:

87 3023 263 3084 servabantque
278 3028 451 3085 argumentum
470 3021 573 3085 originis
590 3019 705 3081 peculiari
722 3036 840 3079 sermone,
852 3036 882 3068 ex
897 3018 999 3066 Graecis

87 3087 226 3149 plerumque
237 3087 337 3135 vocibus
348 3094 490 3135 constante:
508 3093 616 3133 ceterum
634 3087 664 3133 ob
679 3086 881 3134 commerciorum
894 3083 999 3132 necessi·

87 3158 163 3200 tatem
176 3152 335 3200 finitimorum
346 3154 500 3200 barbarorum
513 3151 599 3214 lingua
611 3153 748 3200 utebantur.
776 3150 837 3198 Inde
849 3149 999 3213 Bagistanen

87 3216 212 3280 ingressus
223 3224 267 3274 est,
278 3217 404 3281 regionem
416 3218 555 3278 opulentam
565 3222 589 3264 et
597 3216 763 3265 abundantem
772 3217 886 3264 arborum
899 3229 1001 3262 amoeno

87 3288 113 3330 st
123 3283 226 3331 fecundo
238 3283 310 3341 foetu,
323 3283 456 3345 ceterisque
475 3283 505 3329 ad
516 3281 579 3329 vitae
595 3296 644 3328 non
655 3297 727 3330 usum
738 3281 818 3339 modo,
829 3295 913 3327 verum
924 3277 1000 3326 etiam

88 3347 273 3396 delectationem
286 3349 471 3410 pertinentibus.
504 3346 592 3395 Gravis
603 3345 667 3396 inter
678 3347 746 3394 haec
758 3343 878 3392 Sisenem
890 3341 1019 3386 cumbe.-

86 3411 229 3473 pbaestr'one
245 3413 358 3462 simultas
379 3413 509 3464 inciderat.
541 3412 614 3462 llam
632 3428 722 3461 seruos
732 3406 872 3457 numeras
889 3395 1048 3446 enemim,
