2274 3772
464 182 466 186 ’
495 197 587 236 arena
619 198 662 237 ιιι.
973 182 1008 237 at

143 303 360 373 centranegis
376 304 544 357 interamnia
561 304 664 359 luxuria
681 305 824 359 notabatur.
860 305 1012 375 Purpureae

109 374 213 427 tunicae
236 371 356 427 medium
378 374 470 433 album
495 375 623 428 intextum
647 377 730 428 erat:¹
753 373 851 445 pallam
871 391 935 428 auro
959 376 1011 428 dis·

109 443 218 496 tinctam
235 443 308 494 aurei
326 442 472 512 accipitres,
491 442 564 495 velut
582 444 670 497 rostris
687 444 754 497 inter
771 461 801 496 se
818 454 1009 511 concurrerent,

107 511 284 564 adornabant:
312 522 342 573 et
369 527 435 565 aona
457 529 538 564 aurea
561 511 725 566 muliebriter
748 512 851 566 cinctus
874 513 1012 566 acinacem

108 581 299 649 suspenderat,²
316 581 358 634 cni
377 597 411 634 ex
427 582 547 650 gemma⁸
564 581 661 650 vagina
677 591 742 635 erat.
783 580 896 635 Cidarim
915 583 1012 635 Persae

108 650 236 703 vocabant
257 651 357 718 regium
377 650 473 720 capitis
493 651 609 718 insigne:
634 649 684 704 hoc
703 650 826 705 caerulea
849 651 932 703 fascia
951 650 1012 704 albo

107 719 230 772 distincta
260 719 424 772 circumibat.
471 719 582 772 Currum
617 719 711 774 decem
744 720 819 773 milia
849 719 1012 773 hastatorum

106 788 301 857 sequebantur:
321 787 412 841 hastas
423 797 531 856 argento
543 798 688 857 exornatas,
702 789 803 859 spicula
814 806 878 841 auro
895 790 1012 859 praefixa

105 857 253 926 gestabant.
290 848 387 910 Dextra
409 856 538 925 laevaque
563 874 653 926 regem
676 858 783 911 ducenti
803 858 888 911 ferme
908 858 1011 913 nobilis·

106 926 168 978 simi
191 927 394 995 propinquorum
417 925 618 999 comitabantur.
665 927 765 980 Horum
787 944 884 996 agmen
907 927 1011 979 claude·

107 995 183 1048 batur
195 996 301 1063 triginta
318 995 426 1048 milibus
437 995 565 1063 peditum,
579 1012 646 1064 quos
663 997 723 1065 eqni
742 997 811 1064 regis
828 996 937 1066 qnadrin
957 997 1011 1049 enti

107 1064 294 1132 sequebantur.
340 1063 479 1116 intervallo
497 1062 594 1126 deinde
613 1064 690 1117 unius
707 1064 784 1119 stadii
803 1074 916 1118 matrem
975 1066 1012 1117 rei

106 1132 283 1202 Sisygambim
295 1150 385 1186 currus
401 1132 522 1202 vehebat,
535 1143 562 1185 et
579 1135 606 1186 in
624 1133 676 1186 alio
688 1143 743 1199 erat
755 1133 890 1203 conjunx.⁴
923 1134 1012 1188 Turba

108 1201 268 1255 feminarum
294 1203 397 1270 reginas
419 1202 599 1255 comitantium
623 1203 699 1272 equis
722 1203 883 1256 vectabatur.
931 1204 1012 1260 Quin·

106 1270 196 1323 decim
213 1270 317 1339 deinde,
339 1288 406 1341 quas
425 1288 592 1324 armamaxas
612 1271 800 1343 appellabant,⁶
823 1273 1009 1341 sequebantur.

107 1341 136 1392 ln
149 1340 190 1392 his
203 1350 275 1392 erant
287 1340 364 1393 liberi
384 1340 458 1410 regis,
472 1349 498 1391 et
535 1341 561 1393 ui
579 1341 728 1395 educabant
746 1357 799 1410 eos,
813 1342 1011 1410 spadonumque

106 1426 178 1478 grex,
200 1409 270 1462 haud
292 1426 355 1474 sane
376 1405 428 1462 illis
446 1358 570 1477 gentibus
589 1410 657 1462 vilia.
693 1410 762 1464 Tum
787 1409 877 1512 regiae
901 1409 1011 1479 pellices

106 1487 239 1531 trecentae
257 1479 394 1547 sexaginta
412 1478 582 1548 vehebantur,
602 1491 628 1531 et
646 1480 720 1549 ipsae
739 1479 818 1549 regali
847 1478 919 1531 cultu
938 1496 1011 1532 oma-

107 1556 196 1617 tuque.
233 1548 294 1600 Post
311 1565 378 1616 quas
395 1550 536 1616 pecuniam
550 1549 618 1616 regis
636 1551 754 1602 sexcenti
775 1548 839 1602 muli
857 1558 883 1600 et
902 1550 1011 1601 trecenti

105 1618 209 1677 cameli,
221 1614 361 1686 vehebant,
374 1617 504 1684 praesidio
522 1618 713 1685 sagittariorum
731 1628 914 1688 prosequente.
952 1618 1010 1670 Pro·

123 1686 263 1755 inquorum
286 1685 486 1754 amicorumque
513 1686 639 1756 conjuges
661 1686 723 1739 huic
746 1688 845 1755 agmini
868 1687 1009 1766 proximae,

106 1703 270 1824 lixarumque
280 1754 320 1807 *et
342 1753 475 1809 calanum⁷
496 1770 591 1824 greges
615 1755 785 1808 vehebantur.
821 1754 913 1809 Ultimi
938 1765 1010 1807 erant

105 1841 166 1878 cum
180 1824 236 1877 suis
247 1825 346 1894 quique
358 1823 488 1890 ducibus,8
496 1825 540 1892 qui
552 1833 676 1894 cogerent
688 1843 793 1894 agnem,
803 1823 896 1876 leviter
907 1825 1009 1877 armati.

105 1894 201 1946 Contra
220 1894 242 1946 si
263 1897 323 1963 quis
341 1891 429 1945 aciem
449 1892 629 1946 Macedonum
650 1892 801 1962 intueretur,
822 1893 911 1963 dispar
930 1891 1011 1946 facies

104 1971 169 2032 erat,
183 1963 259 2032 equis
270 1963 385 2030 virisque
398 1978 447 2013 non
460 1977 529 2030 auro,
542 1979 594 2015 nou
606 1962 726 2014 discolori
739 1967 820 2031 ve'ste,
835 1963 881 2015 aed
894 1962 961 2014 ferro
972 1975 1010 2014 at·

105 2048 157 2101 qne
169 2048 231 2084 aere
242 2031 413 2100 fulgentibus.
450 2033 553 2098 Agmen
567 2040 594 2084 et
606 2040 675 2083 stare
687 2039 807 2101 paratum
824 2040 850 2084 et
864 2033 947 2101 sequi,
960 2048 1010 2084 nec

105 2101 182 2154 turba
193 2119 243 2153 neo
256 2100 366 2154 sarcinis
377 2116 529 2170 praegrave,
543 2100 672 2153 intentum
690 2102 724 2154 ad
742 2100 818 2153 ducis
835 2118 886 2154 non
905 2101 1009 2170 signum

104 2171 190 2236 modo,
204 2170 348 2222 sedetiam
365 2180 468 2222 nutum.
504 2169 539 2222 Et
557 2171 650 2223 castris
666 2169 748 2240 locus,
761 2178 788 2222 et
800 2170 926 2223 exercitui
939 2187 1009 2223 com·

104 2247 209 2306 meatus
217 2239 401 2308 suppetebant.
429 2239 497 2306 Ergo
506 2238 655 2291 Alexandro
664 2238 690 2291 in
699 2238 756 2290 acie
764 2239 841 2292 miles
849 2256 898 2291 non
907 2239 991 2292 deluit
1002 2251 1012 2290 :⁴

105 2306 213 2375 Dareus,
227 2316 314 2360 tantae
324 2307 499 2360 multitudinis
508 2324 561 2375 rex,
571 2307 630 2374 loci,
638 2308 664 2360 in
674 2324 728 2377 quo
740 2309 873 2377 pugnavit,
883 2308 1009 2375 angustiis

105 2376 227 2428 redactus
239 2374 324 2428 estad
336 2377 497 2445 paucitatem
519 2392 599 2446 quam
611 2377 638 2427 in
651 2376 726 2428 hoste
738 2385 940 2446 contempserat.

140 2449 165 2496 9.
184 2445 289 2497 Interea
300 2444 458 2512 Alexander,
472 2415 646 2497 Abistamene
658 2445 840 2513 Cappadociae
853 2445 1007 2514 praeposito,

104 2593 184 2645 which
193 2612 233 2645 are
242 2597 283 2644 the
291 2595 396 2645 tearhers
405 2597 457 2644 that
466 2612 481 2643 a
487 2595 539 2644 bird
547 2596 591 2644 has
600 2595 636 2644 for
644 2595 754 2643 warmth.
781 2595 927 2644 Sometimes
932 2600 1009 2658 pinna

104 2655 432 2724 meansthabattlementcs
444 2654 531 2703 awall.
553 2713 558 2723 ¹
638 2713 643 2723 Ι
717 2712 721 2723 ι
778 2713 784 2723 .
891 2714 895 2722 Ι

131 2721 141 2803 ζ
153 2715 223 2763 ‘'l'he
234 2724 317 2762 tumea
327 2729 377 2762 was
388 2715 416 2762 of
422 2714 514 2774 purple,
528 2713 587 2762 with
595 2713 669 2762 white
679 2721 766 2772 stnpes
777 2728 802 2761 rn
811 2713 853 2762 the
864 2713 969 2798 middle:

117 2833 176 2880 arria
204 2831 334 2901 aecimitar
344 2831 480 2892 suspended
490 2831 550 2879 from
561 2831 599 2880 his
609 2831 702 2893 girdle.'
854 2891 859 2901 ⁹

102 2848 116 2880 c
151 2774 185 2822 Su
203 2774 282 2834 plyca
297 2791 323 2821 co
339 2791 406 2829 zona,
419 2788 445 2821 or
461 2781 541 2832 repeat
557 2772 724 2832 mantallythe
739 2788 806 2823 same
822 2773 942 2822 ablativa.
977 2772 1008 2820 he

117 2897 140 2959 ι’
151 2891 267 2940 Precrons
282 2902 366 2939 stones
378 2902 418 2960 set
434 2891 499 2939 close
510 2901 536 2938 to
545 2906 591 2938 one
607 2891 707 2939 another
717 2906 757 2939 rua
783 2891 813 2939 he
824 2890 876 2941 sard
887 2901 913 2939 to
923 2889 984 2938 form
995 2905 1009 2937 a

102 2951 264 3010 srnglemass.
297 2950 352 2997 'Phe
363 2949 470 3021 singular
480 2964 607 3015 expresses
617 2949 658 2997 the
685 2964 716 2997 en
776 2951 914 2999 substance.

131 3009 465 3115 :fimjaaagencqnyugta
497 3008 667 3115 SeeZorptrpt,l
691 3012 729 3114 dp,
747 3066 762 3115 d
787 3066 801 3115 s
826 3066 834 3114 l
947 3065 952 3073 .

175 3083 352 3124 anomaeos
376 3082 595 3135 annumeratam
619 3082 696 3138 ronan
722 3082 746 3115 m
771 3082 787 3115 o
812 3081 878 3137 cose
893 3080 953 3114 carn
984 3080 1005 3113 e.

103 3133 144 3232 kp,
150 3126 517 3256 Pagpaaddeplpapipgppnaqhtiqna
531 3125 603 3186 kmg;
621 3128 717 3188 regatis,
730 3125 795 3253 palrat
811 3141 833 3173 rs
848 3123 969 3250 pvorthyo
993 3139 1007 3172 a

131 3201 225 3292 'laroc
235 3259 275 3292 are
285 3243 335 3291 free
346 3244 440 3302 people‚
453 3243 509 3290 who
519 3242 600 3291 follow
610 3258 641 3291 an
656 3258 724 3303 army
735 3257 759 3310 ιιι
775 3251 868 3302 pursnrt
884 3239 912 3289 os
923 3240 1004 3297 trader

101 3302 205 3362 pedlars,
222 3302 344 3372 snttlersr
354 3307 445 3351 calnam
461 3317 501 3349 are
517 3301 597 3350 slaves
612 3302 676 3359 who,
693 3300 846 3362 particularly
862 3315 950 3360 among
965 3299 1006 3347 tha

101 3361 206 3468 cavalpp,
218 3361 300 3409 attend
310 3369 337 3409 to
346 3361 388 3429 the
398 3363 514 3429 baggage.

130 3425 139 3450 ⁵
152 3424 158 3446 ‘
192 3434 250 3479 very
261 3418 324 3468 band
336 3419 394 3468 with
405 3429 437 3466 rts
448 3434 502 3466 own
514 3418 623 3466 leaders!
