2274 3772
111 26 168 83 lod
371 41 411 81 oa
435 41 543 82 cassis
565 42 750 84 stannum.

108 150 255 221 credidere,
275 148 363 219 Belus,
384 148 462 219 cujus
481 150 553 219 regia
573 151 727 204 ostenditur.
764 153 859 207 Murus
878 153 1028 212 instructus

108 220 234 273 laterculo
258 218 345 274 coctili
375 218 505 273 bitumine
529 220 668 291 interlitus,
689 223 802 290 spatium
820 224 892 276 XXX
911 235 940 278 et
961 225 1026 280 duo·

109 307 167 343 rum
185 289 286 360 pedum
304 288 330 342 in
348 257 515 343 latitudinem
534 290 718 359 amplectitur:
743 293 885 361 quadrigae
904 295 977 348 inter
996 313 1027 349 se

109 368 277 412 occurrentes
307 358 363 411 sine
395 358 511 428 periculo
541 376 692 412 commeare
727 361 858 415 dicuntur.
902 365 1026 420 Altitudo

109 429 178 482 muri
190 428 211 482 L
223 428 369 482 cubitorum
388 429 489 482 eminet
507 429 606 498 spatio:
626 440 710 482 turres
727 429 804 483 denis
834 431 928 486 edibus
940 451 1024 503 quarn

109 515 202 552 murus
213 498 320 552 altiores
337 505 407 551 sunt.
444 498 537 574 Tptius
548 499 634 568 operis
651 499 769 552 ambitus
786 449 920 556 CgCLXV
937 504 1026 558 stadie

109 568 309 638 complectitur:
345 566 508 637 singulorum
543 567 686 620 stadiorum
723 578 882 623 structuram
912 573 1027 641 singulis

109 637 207 692 diebus
229 637 375 709 perlectam
400 654 461 690 esse
483 638 629 691 memoriae
652 638 783 706 proditum
805 651 854 692 est.
886 643 1026 696 ‚Aedilicia

11 742 14 752 ι
109 724 161 761 non
174 718 234 762 sunt
246 707 354 761 admota
365 709 455 776 muris,
469 707 517 759 sed
529 707 585 759 fere
598 707 713 776 spatium
725 707 810 777 jugeri
822 710 900 764 unius
917 712 1024 766 absunt.

109 780 150 831 Ac
163 795 195 830 ns
208 787 290 830 totam
309 777 418 846 quidem
436 775 531 829 urbem
549 777 627 829 tectis
642 787 853 846 occupaverunt:
873 796 920 849 per
932 781 1026 836 LXXX

110 846 196 899 stadia
208 846 348 914 habitatur,
362 863 412 899 neo
430 845 519 899 omnia
537 847 660 899 continua
678 856 746 915 sunt,
759 848 845 918 credo,
858 849 923 918 quia
941 851 1027 905 tutius

109 915 197 970 visum
208 925 249 970 est
260 915 380 986 pluribus
390 915 455 968 locis
473 916 568 984 spargi.
603 917 698 969 Cetera
717 924 805 969 serunt
823 918 972 989 coluntque,
986 929 1024 991 ut,

111 985 135 1038 si
151 995 265 1039 externa·
277 985 318 1038 vis
334 987 444 1055 ingruat,
457 984 574 1040 obsessis
591 985 720 1040 alimenta
732 1002 766 1038 ex
778 987 954 1056 ipsiusurbis
969 976 1041 1044 solo'

111 1055 350 1109 subministrentur.
397 1055 548 1125 Euphrates
581 1055 715 1124 interfluit,
747 1073 913 1126 magnaeque
945 1059 1027 1115 molis

112 1125 300 1195 crepidinibus¹
324 1133 469 1178 coercetur.
513 1124 564 1178 Sed
588 1125 709 1179 omnium
731 1141 841 1194 operum
864 1129 1025 1196 magnitudi·

112 1212 176 1248 nem
193 1195 403 1248 circumveniunt
422 1210 552 1246 cavernae
570 1194 700 1262 ingentes,
721 1193 747 1247 in
765 1195 936 1249 altitudinem
952 1215 1026 1267 pres·

112 1281 160 1317 sae
178 1265 213 1317 ad
232 1263 417 1335 accipiendum
437 1263 567 1332 impeturn
584 1263 721 1332 fluminis,2
740 1264 809 1333 quod
825 1265 870 1318 ubi
887 1268 1026 1336 appositae

113 1333 256 1402 crepidinis
274 1333 410 1400 fastigium
428 1332 552 1399 excessit,
572 1333 645 1386 orbis
661 1341 732 1400 tecta
748 1333 896 1403 corriperet,
915 1337 967 1390 nisi
984 1356 1026 1391 es·

114 1411 174 1455 sent
186 1419 281 1472 specus
293 1403 421 1471 lacusque
439 1401 483 1470 qui
492 1401 654 1471 exciperent.
691 1403 784 1456 Coctili
792 1403 919 1457 laterculo
932 1408 1027 1461 structi

114 1480 190 1525 sunt:
222 1480 305 1525 totum
329 1488 396 1540 opus
418 1441 550 1524 bitumine
573 1471 753 1540 adstringitur.
801 1473 871 1526 Pons
894 1474 1027 1547 lapideus,

115 1541 218 1594 flumini
232 1541 387 1610 impositus,
404 1539 490 1612 jungit
513 1541 615 1595 urbem.
662 1541 714 1594 Hic
733 1559 839 1613 quoque
859 1544 926 1597 inter
946 1546 1028 1599 mira·

115 1610 179 1664 bilia
191 1610 304 1664 Orientis
315 1627 395 1680 opera
407 1619 562 1663 numeratus
580 1620 635 1663 est:
654 1612 753 1680 quippe
772 1611 922 1681 Euphrates
940 1615 1026 1671 altum

115 1681 209 1735 limum
231 1679 311 1748 vehit,
331 1696 390 1750 que
406 1680 513 1760 penitus
531 1680 565 1734 ad
586 1680 759 1734 fundamenta
782 1682 905 1750 jacienda
925 1695 1027 1755 egesto,

115 1751 161 1804 vix
174 1750 329 1804 sufficiendo
341 1767 414 1819 open
425 1749 501 1804 firmo
520 1751 651 1820 reperiunt
669 1750 754 1804 solum
764 1751 783 1820 3³
800 1750 916 1804 harenae
934 1763 1027 1809 autem

116 1820 229 1873 subinde
247 1820 408 1890 cumulatae,
427 1829 454 1872 et
472 1819 551 1889 saxis,
565 1820 625 1889 quis
641 1836 708 1889 pons
725 1820 874 1888 sustinetur,
894 1838 1027 1892 annexae,

116 1899 249 1943 morantur
265 1907 382 1960 amnem,
395 1890 441 1959 qui
459 1898 577 1942 retentus
595 1891 690 1960 acrius,
703 1906 785 1958 quam
804 1889 827 1943 si
845 1890 928 1943 libero
947 1910 1028 1948 cursu

116 1968 226 2028 mearet,
240 1958 356 2011 illiditur.
384 2005 388 2015 .

151 2033 176 2080 5.
195 2030 293 2080 Arcem
312 2043 417 2097 quoque
436 2026 540 2080 ambitu
557 2028 605 2080 XX
623 2027 710 2093 stadia
727 2029 895 2098 complexam
916 2029 1028 2086 babent.

116 2096 187 2150 XXX
204 2096 287 2166 pedes
305 2097 331 2150 in
349 2104 446 2151 terram
466 2096 576 2149 turrium
588 2096 763 2151 fundamenta
775 2097 893 2152 demissa
910 2111 978 2169 sunt,
992 2103 1029 2157 sd

117 2166 209 2220 LXXX
240 2172 376 2220 summum
412 2165 571 2218 munimenti
599 2165 735 2234 fastigium
751 2169 897 2246 pervenit.
943 2170 1029 2240 Super

32 2288 33 2293 ,
115 2253 213 2306 arcem,
238 2236 376 2304 vulgatum
399 2236 560 2289 Graecorum
583 2234 698 2289 fabulis⁴
720 2238 885 2307 miraculum,
910 2241 1030 2308 pensiles

116 2305 184 2361 horti
202 2315 269 2376 sunt,
290 2322 425 2361 summam
444 2322 579 2359 murorum
598 2305 765 2360 altitudinem
786 2316 940 2377 aequantes,
959 2310 1030 2365 rnul-

116 2384 256 2447 tarumque
284 2376 405 2432 arborum
435 2375 531 2429 umbra
561 2383 587 2428 et
616 2377 770 2446 proceritate
799 2378 925 2430 amoeni.l
959 2379 1029 2434 saxo

115 2445 193 2516 pilae,
208 2464 276 2516 quae
295 2454 379 2500 toturn
396 2462 463 2498 onus
482 2445 618 2515 sustinent,
632 2445 775 2498 instructae
788 2455 855 2516 sunt,
869 2464 948 2516 super
959 2449 1030 2517 pilas

114 2588 143 2636 of
150 2588 260 2649 Babylon
268 2589 289 2636 is
297 2589 338 2637 the
348 2599 411 2636 most
421 2587 543 2635 moderate
552 2587 580 2635 os
586 2588 626 2636 all.
651 2588 706 2636 The
715 2588 811 2637 Asiatic
820 2590 894 2638 world
903 2590 947 2639 has
954 2593 1029 2641 twice

115 2648 191 2696 shone
203 2648 265 2696 forth
276 2648 301 2694 in
312 2655 379 2708 great
395 2647 478 2708 glory:
497 2646 528 2694 its
544 2647 643 2707 gradual
654 2647 720 2706 lapse
732 2648 782 2696 into
794 2649 825 2697 its
836 2660 932 2708 present
944 2650 1028 2712 deple-

115 2706 182 2756 rable
194 2707 315 2755 condition
326 2707 346 2754 is
357 2722 402 2754 one
414 2705 441 2753 os
453 2705 494 2752 the
506 2716 569 2754 most
581 2706 733 2767 melancholy
744 2708 878 2767 spectacles
889 2709 914 2757 in
925 2709 1029 2772 history.

145 2771 152 2794 ¹
165 2765 218 2825 ‘By
229 2765 307 2813 banks
318 2765 345 2813 ol
357 2774 424 2825 great
435 2764 484 2812 aize
495 2765 543 2813 and
553 2766 681 2826 strength'

144 2829 154 2856 ²
165 2825 217 2872 Pits
228 2840 255 2872 or
265 2823 337 2872 small
347 2824 415 2872 lakes
426 2823 475 2891 dug
485 2824 554 2883 deep,
565 2824 612 2872 and
623 2825 727 2892 cradled‚
738 2826 762 2873 in
771 2825 841 2874 order
848 2836 874 2875 to
882 2828 977 2876 receive
986 2828 1029 2877 the

115 2894 192 2933 water
202 2883 229 2931 of
241 2884 282 2931 the
293 2883 356 2931 river
366 2882 438 2930 when
449 2894 466 2930 rt
478 2883 623 2931 overflcwed
634 2895 666 2932 its
676 2884 762 2933 hanks.

145 2948 155 2972 ³
167 2943 253 3003 ‘They
262 2942 370 3002 scarcely
380 2941 429 2989 find
440 2945 532 3002 ground
543 2942 570 2990 iit
582 2942 618 2990 lor
629 2943 737 3004 building
747 2960 762 2991 a
772 2953 839 2993 atron
863 2945 933 2995 work
943 2949 1027 3006 upon'

116 3002 172 3052 The
183 3003 264 3063 pillars
275 3001 303 3050 os
310 3001 350 3048 the
362 3001 444 3069 bridge
452 3001 501 3056 (the
510 3008 575 3063 opos)
584 3018 648 3050 were
656 3003 803 3064 necessarily
810 2961 872 3052 toXe
881 3015 973 3066 strong,
983 3007 1027 3055 be·

116 3077 188 3111 cause
199 3062 240 3110 the
252 3062 323 3117 river,
336 3059 416 3108 forced
428 3070 478 3108 rnto
489 3076 581 3110 narrow
590 3077 701 3121 compass
712 3062 745 3122 by
753 3062 794 3110 the
803 3064 902 3123 gradual
912 3080 1026 3115 accumu-

116 3121 190 3171 lation
201 3121 229 3169 of
240 3121 308 3177 send,
321 3122 376 3168 beat
388 3119 447 3166 with
459 3120 638 3181 extraordinary
649 3120 756 3168 violence
767 3137 781 3169 a
798 3123 861 3171 ninst
872 3124 947 3172 them.

145 3181 287 3229 “Stories.’
320 3178 375 3227 The
387 3178 453 3226 word
463 3179 522 3227 does
533 3189 574 3248 not
585 3179 661 3239 imply
671 3137 798 3248 salechool
806 3181 871 3229 here.

146 3247 154 3273 ¹
166 3239 313 3288 ‘Pleasent’
345 3237 465 3286 Amoenus
475 3238 496 3286 is
508 3253 537 3297 ap
556 3238 602 3286 hed
613 3248 640 3287 to
648 3239 713 3287 what
725 3254 746 3286 rs
757 3241 884 3300 egreeable
895 3241 920 3290 in
930 3250 1025 3299 nature,

115 3313 152 3356 as,
164 3298 201 3348 tor
211 3299 329 3356 instance,
341 3313 356 3348 a
366 3296 483 3368 beautiful
494 3253 630 3356 twlscape.
