2274 3772
114 109 152 164 00
378 126 417 165 mr
440 125 550 166 cesare·
568 126 750 166 stannum.

113 243 213 303 petere.
249 233 352 303 Quippe
370 251 434 287 cum
451 234 543 286 Asiam
561 235 658 301 ingenti
671 235 819 287 velocitate¹
832 233 1014 306 percurrisset,

113 303 183 355 circs
201 320 289 355 muros
307 303 386 355 unius
404 304 476 355 urbis
488 303 619 370 haerebat,
634 313 670 354 tot
684 305 856 355 maximarum
870 320 957 354 rerum
970 319 1018 374 op·

88 384 94 396 ·
113 372 279 440 portunitate2
290 372 407 424 dimissa.
443 373 566 425 Ceterum
584 383 639 424 tarn
656 371 793 424 discedere
813 373 919 439 irritum,
932 388 1016 440 quem

113 441 208 494 morari
220 441 352 510 pudebat,
370 442 468 493 famam
483 459 593 510 quoqne,
605 458 656 510 qua
668 442 834 510 pluraquam
846 443 927 493 armis
939 446 1017 493 ever·

113 518 186 578 terat,
207 519 278 564 retus
296 509 422 563 leviorem
440 510 502 578 lore,
521 511 542 562 si
555 512 664 578 Tyrum,
680 511 754 579 quasi
772 520 867 562 testem
887 527 917 562 se
934 526 1016 578 posse

113 578 190 647 vinci,
205 579 360 647 reliquisset.
389 579 471 647 Igitur
482 596 515 631 ne
527 580 590 648 quid
603 580 767 648 inexpertum
777 580 915 647 omitteret,
925 580 1017 647 plures

112 663 196 700 nares
207 648 342 700 admoueri
352 648 436 718 jubet,
445 648 615 717 delectosque
624 648 749 700 militum³
759 648 868 717 imponi.
901 649 934 701 Et
947 648 1016 700 sorte

113 715 192 769 belus
209 717 350 769 inusitatae
369 717 563 786 magnitudinis,
578 734 656 786 super
670 718 740 786 ipsos
752 718 848 778 fluctus
859 717 935 768 dorso
947 718 1014 769 emi-

112 801 186 855 nens,
205 786 239 839 ad
258 786 364 855 molem,
384 803 464 856 quam
485 787 648 838 Macedones
666 786 789 854 jecerant,
809 786 902 854 ingens
920 802 1017 854 corpus

112 855 247 924 applicuit,
260 855 485 924 diverberatisque
503 856 627 908 fluctibus
644 855 761 908 allevans
773 865 865 922 semet,
880 855 1015 923 utrimque

113 934 253 993 conspecta
265 934 325 976 est:
344 925 441 976 deinde
454 933 469 975 a
481 925 568 992 capite
581 925 658 976 molis
670 941 757 977 rursus
768 924 820 976 alto
833 941 861 976 sc
874 925 1014 995 immersit,
1033 984 1036 989 ¹

112 1008 145 1044 cc
157 992 234 1046 modo
246 1009 325 1063 super
337 994 421 1045 undas
432 993 553 1045 eminens
564 1011 660 1060 magna
678 995 718 1046 sui
738 1003 818 1062 parte,
832 993 910 1045 modo
923 1010 1016 1060 super·

113 1060 179 1114 fusis
192 1062 315 1115 fluctibus
327 1063 439 1131 condita,
448 1062 519 1114 haud
529 1064 618 1130 procul
632 1063 802 1114 munimentis
813 1063 884 1114 urbis
895 1063 1015 1115 emersit.

113 1130 246 1201 Utrisque⁴
255 1131 339 1185 laetus
347 1132 396 1185 luit
406 1132 501 1184 beluae
508 1144 645 1200 aspectus:
659 1131 822 1183 Macedones
831 1131 880 1183 iter
890 1129 1016 1198 jaciendo

112 1202 184 1269 operi
203 1209 348 1254 montrasse
365 1218 424 1256 eam
444 1201 644 1268 augurabantur,
663 1201 735 1270 Tyrii
756 1201 917 1268 Neptunum,
937 1216 1017 1253 occu·

131 1271 166 1321 ati
179 1270 262 1323 maris
275 1270 415 1338 vindicem,
428 1269 572 1337 abripuisse
585 1269 700 1334 beluam,
714 1286 745 1321 ac
757 1269 853 1321 molam
868 1269 940 1321 brevi
956 1286 1016 1338 pro·

112 1286 183 1391 lecto
196 1341 331 1391 ruituram.
368 1339 495 1406 Laetique
507 1338 594 1390 omine
607 1355 638 1390 eo
650 1339 682 1390 ad
702 1338 795 1407 epulas
812 1337 864 1390 dila
883 1339 904 1390 si
922 1355 1016 1390 onera,

113 1424 176 1479 vere
189 1425 218 1460 se
230 1408 298 1475 vino,
311 1424 363 1475 quo
381 1423 475 1486 graves
493 1416 546 1458 orto
564 1407 619 1458 sole
631 1408 736 1474 navigia
747 1356 932 1472 conscendunt,
947 1407 1017 1459 redi·

113 1479 178 1528 mita
191 1475 296 1528 floribus
308 1493 462 1544 coronisque
472 1477 490 1527 :⁶
501 1476 568 1528 adeo
580 1476 702 1528 victoriae
715 1493 765 1529 nou
777 1488 857 1529 omen
868 1474 955 1544 modo,
965 1476 1016 1529 sed

113 1548 194 1597 etiam
254 1545 409 1597 tulationem
422 1545 630 1614 praeceperant.⁰

152 1618 190 1666 ts.
233 1622 287 1666 orte
306 1630 353 1667 rex
371 1613 483 1666 classem
505 1615 530 1666 in
549 1613 682 1667 diversam
703 1626 803 1682 partem
821 1614 864 1681 agi
882 1613 1018 1682 jusseraql

113 1684 218 1752 triginta
236 1682 380 1736 minoribus
396 1682 510 1750 navigiis
528 1683 624 1734 relictis
642 1684 666 1734 in
686 1683 774 1735 litore:
794 1700 809 1735 e
827 1684 923 1751 quibus
940 1682 1017 1750 Tyrii

113 1752 216 1805 duobus
233 1753 324 1821 captis,
337 1761 426 1804 cetera
438 1752 535 1819 ingenti
548 1761 694 1804 terruerunt
707 1761 787 1819 metu,
800 1752 891 1820 donec,
906 1766 1017 1804 suorum

114 1820 230 1875 clamore
253 1820 351 1890 audito,
376 1820 527 1874 Alexander
549 1821 662 1874 classem
687 1821 760 1890 litori,
780 1839 796 1872 a
819 1838 869 1889 quo
893 1821 1017 1874 fremitus

112 1891 254 1959 acciderat,
267 1890 392 1943 admovit.
428 1890 516 1942 Prima
535 1907 550 1941 c
568 1891 745 1942 Macedonum
763 1890 1016 1958 navibusquinque·

113 1961 194 2013 remis
217 1960 356 2013 velocitate
381 1961 448 2012 inter
470 1961 572 2012 ceteras
595 1960 716 2012 eminens
737 1959 855 2028 occurrit,
880 1976 961 2027 quam
986 1968 1016 2012 ut

113 2045 275 2098 conspexere
294 2028 398 2097 Tyriae,
411 2027 480 2080 duae
499 2045 533 2080 ex
551 2028 654 2080 diuerso
672 2029 697 2080 in
717 2028 799 2080 latera
816 2028 874 2098 ejus
892 2028 1017 2081 invectae

114 2105 181 2165 sunt,
201 2099 226 2150 in
247 2114 358 2165 quarum
378 2098 490 2151 alteram
506 2098 703 2165 quinqueremis
723 2098 818 2150 eadem
838 2099 969 2150 concitata
987 2105 1016 2150 et

113 2166 172 2235 ipsa
194 2175 275 2218 rostro
299 2167 350 2217 icta
372 2175 420 2233 est,
441 2175 467 2217 et
490 2166 563 2218 illam
581 2166 695 2219 invicem
715 2168 805 2219 tenuit.
841 2167 953 2234 Jamque
972 2183 1015 2235 ea,

112 2251 181 2304 quae
201 2251 251 2287 non
272 2233 438 2303 cohaerebat,
459 2233 541 2287 libero
561 2235 662 2304 impetu
681 2244 781 2304 evecta,
803 2236 828 2289 in
848 2235 918 2287 aliud
938 2236 1016 2304 quiu-

112 2305 245 2374 queremis
262 2304 332 2356 latus
351 2303 530 2372 invehebatur,
544 2320 605 2357 curn
618 2305 808 2374 opportunitate
821 2305 888 2357 mira
900 2304 1016 2357 triremis

111 2390 129 2427 c
145 2374 231 2429 classe
243 2373 387 2428 Alexandri
407 2373 432 2426 in
452 2390 512 2426 eam
532 2374 624 2443 ipsam,
637 2390 706 2442 quae
724 2373 907 2442 quinqueremi
924 2372 1017 2427 immi·

139 2479 146 2501 ¹
160 2472 307 2532 ‘Rapidity’
340 2472 402 2544 This
413 2472 478 2520 word
494 2472 514 2519 is
526 2487 591 2519 more
603 2472 739 2532 commonly
750 2472 810 2520 used
821 2488 847 2520 es
858 2488 888 2520 sn
899 2473 1016 2522 attribute

109 2530 457 2672 ¹⁰f¹¹lelllldmtdlddrbllldllldie
473 2589 509 2637 for
519 2604 547 2636 so
558 2605 630 2650 many
640 2589 814 2653 undertakings
824 2588 852 2637 ol
863 2589 904 2638 the
914 2588 1016 2650 highest

110 2658 288 2771 ¹m⁸pr5sffme
299 2723 325 2754 us
335 2709 432 2776 delectos
442 2708 536 2754 milites.
568 2707 614 2754 See
627 2707 723 2776 Zumpt,
737 2707 809 2758 ttae.

138 2769 147 2792 ⁴
160 2765 213 2812 ‘Tc
224 2765 282 2812 both
293 2765 399 2825 parties!
418 2764 472 2812 The
483 2764 559 2824 plurcl
570 2765 598 2812 ol
604 2775 701 2826 uterque
710 2781 731 2813 rs
742 2764 801 2814 used
812 2766 892 2822 when,
906 2781 932 2813 cs
943 2765 1013 2825 hers,

109 2822 177 2870 there
188 2838 227 2871 ere
238 2838 304 2871 more
315 2825 372 2872 then
383 2838 428 2871 one
439 2838 470 2871 on
481 2825 539 2871 ecch
551 2824 609 2871 side.
642 2825 688 2872 See
702 2825 781 2873 Graan.
793 2824 806 2876 l
816 2828 865 2881 luo,
879 2835 934 2872 note
945 2828 968 2873 3.

138 2881 242 2929 “With
253 2882 359 2941 wreaths
369 2898 397 2930 or
407 2894 518 2930 coronets
529 2882 556 2929 ol
568 2883 680 2931 floruere!
712 2885 736 2930 A
747 2899 802 2932 csse
813 2883 841 2932 ol
853 2883 917 2931 what
932 2899 1014 2944 mm·

109 2940 212 2988 marialis
223 2940 269 2988 call
279 2943 303 2986 lu
313 2942 347 2987 διὰ
358 2942 421 2988 δυοῖν.
453 2941 500 2988 See
512 2941 609 3000 Zumpt,
622 2941 694 2992 hill.

136 3005 145 3028 ⁸
157 2998 229 3058 They
240 2999 286 3047 had
297 2997 442 3056 anticipsted
452 3000 521 3047 those
531 3000 676 3049 exhibitione
685 3000 713 3048 ol
717 3002 760 3061 joy
768 3001 814 3049 end
823 3001 920 3057 thanis,
931 3001 1014 3050 which

108 3073 148 3107 ere
160 3073 245 3118 proper
255 3057 312 3118 only
323 3057 383 3104 ulter
394 3072 408 3104 a
418 3073 560 3118 prosperous
571 3059 644 3106 issue.
677 3059 748 3119 They
757 3059 826 3107 acted
835 3075 861 3107 as
873 3059 893 3107 if
899 3060 952 3107 thet
964 3060 1014 3111 had

108 3115 1014 3225 ''lltlildllllllltlttltlttd‘laetulatl⁰0³⁰⁰0⁸ltt¹³⁰¹¹·

108 3233 136 3282 ol
142 3235 184 3282 the
195 3234 262 3294 ships
271 3234 308 3283 off
312 3234 376 3282 whst
384 3250 432 3282 wus
439 3235 515 3303 called
522 3236 562 3282 the
572 3212 692 3342 Ἐςέρῑίιῃ
699 3246 751 3295 port
758 3235 787 3284 cf
794 3189 1016 3296 Tyrgrwhilsffi

107 3294 192 3342 testlc
218 3292 593 3352 onthebeschcpposrtetothc
624 3295 841 3343 tdonrsnharbour.
867 3295 1016 3347 Itwasth'n

107 3350 179 3401 latter
186 3309 289 3403 division
298 3352 378 3401 which
386 3352 428 3401 the
436 3352 540 3413 Tyrione
548 3352 669 3402 stteclred.
681 3353 744 3402 This
753 3353 892 3403 isArriau’s
900 3364 1016 3406 account.
