2274 3772
112 183 171 240 Μ
377 199 416 239 ua
440 199 547 240 oreris
568 198 750 240 transtrum.

112 307 140 360 in
151 315 311 362 recusantes.
347 307 491 378 Stupebant
508 307 650 377 improviso
667 307 737 360 malo
754 305 876 375 pedites,
896 321 947 357 nec
959 303 1019 374 plus

112 374 139 430 in
157 377 213 446 ipso
230 376 366 445 Meleagro
384 386 441 430 erat
458 386 504 430 aut
522 377 632 446 consilii,
651 385 696 431 eut
713 375 803 429 animi.
839 374 1017 427 Tutissimum

111 462 146 498 ex
165 446 348 515 praesentibus
367 444 511 516 videbatur,
530 457 670 516 expectare
690 445 781 515 potius,
819 460 882 496 uam
901 444 1018 495 movere¹

111 513 250 568 fortunam.
286 515 356 568 Turn
380 515 513 584 Perdicca,
539 523 567 568 nt
591 524 722 584 torpentes
744 522 770 566 et
793 529 809 565 ο
829 513 923 566 noxios
945 512 1017 581 vidit,

112 583 174 637 CCC
198 584 254 636 sere
281 585 326 654 qui
350 583 519 652 Meleagrum
541 592 725 654 erumpentem
744 582 929 650 executione,
950 599 1018 652 quae

111 652 197 722 prima
220 623 310 706 habita
332 661 372 706 est
395 663 452 722 post
476 662 590 706 mortem
613 651 765 719 Alexandri,
787 651 874 704 secuti
898 660 981 720 erant,
1002 668 1018 703 a

111 722 208 774 ceteris
219 723 351 792 discretos,
365 721 513 844 elephantis
524 723 549 775 in
562 731 705 791 conspectu
723 721 806 774 totius
821 721 957 773 exercitus
972 719 1016 773 cb

114 789 130 802 0·

110 793 184 914 ppt,
203 808 348 861 omnesque
367 790 402 845 be
414 809 507 844 uarum
527 791 640 861 pedibus
659 791 747 844 obtriti
768 798 836 857 sunt,
858 806 912 842 nec
932 789 1016 859 prohi-

148 869 192 914 nte
205 861 334 931 Philippo,
346 878 397 914 nec
413 871 535 914 auctore:
555 860 758 929 apparebatque,
773 858 798 911 id
818 858 898 910 modo
912 875 957 928 pro
970 875 1015 910 suo

111 930 313 998 vindicaturum,
344 929 395 983 uod
407 929 578 1000 approbasset
590 939 709 981 eventus.
745 929 801 981 Hoc
809 927 944 981 bellorum
957 928 1016 980 civi·

112 997 178 1052 lium
196 999 339 1052 Macedonr
359 1017 390 1052 ns
409 1008 435 1051 et
454 1016 532 1051 omen
554 1007 580 1050 et
600 998 757 1067 principium
772 996 832 1049 suit.
868 996 1015 1067 Meleager,

113 1083 171 1120 sero
183 1068 317 1121 intellecta
328 1064 420 1121 fraude
432 1067 584 1136 Perdiccae,
595 1076 651 1120 turn
662 1067 780 1136 quidem,
790 1065 853 1135 quia
865 1065 952 1135 ipsius
964 1083 1016 1119 cor-

106 1186 108 1191 .
148 1137 167 1189 ri
185 1138 227 1190 vis
243 1155 294 1191 non
312 1136 479 1205 afferebatur,
498 1137 526 1190 iu
543 1137 651 1204 agmine
668 1136 773 1205 quietus
791 1135 881 1188 stetit:
902 1144 929 1187 at
948 1152 1016 1204 mox,

111 1152 238 1259 dimnata
256 1223 303 1276 spe
323 1206 421 1275 salutis,
442 1223 504 1259 cum
524 1205 583 1275 ejus
602 1204 716 1284 nomine,
736 1215 818 1274 quem
839 1204 898 1273 ipse
918 1205 1017 1256 fecerat

112 1291 212 1356 regem,
229 1276 256 1329 in
275 1275 420 1346 perniciem
440 1292 515 1329 suam
534 1274 675 1328 abutentes
691 1272 791 1326 videret
809 1272 940 1340 inimicos,
959 1290 1018 1326 con·

111 1343 178 1414 fugit
201 1362 227 1398 rn
251 1344 396 1415 templum:
420 1361 453 1398 ao
475 1361 510 1398 ne
532 1343 584 1397 loci
606 1343 715 1413 quidem
735 1342 859 1410 religione
881 1341 1017 1411 defensus,

24 1479 30 1492 ,
111 1414 248 1467 occiditur.

146 1486 187 1534 30.
207 1482 340 1550 Perdicca,
388 1482 478 1534 rdncto
497 1481 522 1533 in
540 1480 635 1534 urbem
652 1480 776 1548 exercitu,
789 1479 934 1532 consilium
951 1480 1018 1550 prin·

111 1549 202 1619 cipum
222 1551 335 1603 virorum
374 1550 453 1620 abuit,
473 1550 570 1618 inquo
590 1542 731 1619 imperium
751 1550 788 1614 ita
807 1548 892 1601 dividi
911 1549 1017 1618 placuit,

110 1625 139 1670 ut
152 1635 196 1670 rex
208 1617 319 1698 quidem
330 1635 463 1689 summam
480 1617 539 1686 ejus
556 1618 695 1686 obtineret,
709 1627 827 1687 satrapes
846 1618 1018 1681 Ptolemaeus

110 1687 226 1757 Aegypti
239 1696 266 1740 et
277 1685 383 1740 Africae
394 1687 525 1754 gentium²
536 1703 604 1754 quae
623 1687 649 1739 in
668 1687 769 1740 dicione
786 1696 869 1748 erant.
908 1688 1018 1740 Laome·

111 1753 183 1809 donti
202 1756 278 1827 Syria
297 1772 359 1809 curn
379 1756 511 1809 Phoenice
530 1755 593 1809 data
613 1766 670 1826 est,
691 1756 808 1809 Philotae
824 1756 920 1809 Cilicia
939 1756 1018 1809 desti-

111 1834 188 1894 nata,
208 1826 321 1894 Lyciam
340 1842 404 1878 cum
419 1825 577 1895 Pamphylia
597 1833 623 1878 et
644 1825 741 1894 majore
762 1824 878 1894 Phrygia
899 1826 1017 1878 obtinere

110 1893 200 1965 jussus
219 1897 382 1964 Antigonus,
402 1894 429 1947 in
448 1895 554 1948 Cariam
573 1895 726 1963 Cassander,
747 1894 898 1946 Menander
919 1895 946 1947 in
965 1895 1016 1964 Ly·

111 1963 184 2016 diam
207 1965 290 2017 missi.
338 1963 481 2033 Phrygiam
504 1965 633 2017 minorem
658 1963 828 2032 Hellesponto
851 1963 1018 2032 adjunctam⁸

111 2033 239 2086 Leonnati
261 2033 421 2103 provinciam
445 2050 505 2085 esse
527 2033 665 2101 jusserunt.
710 2032 877 2101 Cappadocia
903 2032 1017 2086 Eumeni

111 2118 174 2155 cum
193 2102 371 2172 Paphlagonia
387 2104 474 2154 cessit.
511 2090 685 2171 Praecepturd
697 2110 744 2171 est,
757 2110 785 2153 ut
805 2103 943 2169 regionem
956 2118 1017 2153 eam

110 2187 195 2238 usque
218 2169 251 2222 ad
275 2172 442 2239 Trapezunta
465 2170 627 2240 defenderet,
652 2171 753 2224 bellum
779 2187 841 2222 cum
865 2171 1018 2223 Ariarathe⁴

110 2247 221 2306 gereret.
258 2239 333 2291 Solus
350 2239 570 2292 hicdetrectabat
588 2241 736 2309 imperium.
771 2239 865 2292 Pithon
885 2240 1016 2311 Mediam,

111 2307 287 2378 Lysimachus
299 2309 438 2361 Thraciam
451 2311 635 2378 appositasque
647 2308 776 2361 Thraciae
789 2308 914 2360 Ponticas
924 2320 1018 2377 gentes

110 2379 229 2431 obtinere
246 2377 318 2448 jussi.
355 2377 405 2435 Qui
418 2377 515 2446 Indiae,
529 2379 627 2447 quique
645 2378 746 2430 Bactris
757 2387 783 2430 et
795 2376 936 2445 Sogdianis
947 2388 1018 2431 cete·

112 2448 199 2517 risque
212 2456 258 2501 aut
269 2447 368 2500 Oceani
384 2455 430 2500 aut
447 2445 529 2500 Rubri
546 2447 628 2500 maris
644 2447 743 2499 accolis
760 2454 905 2515 praeerant,
921 2449 1018 2516 quibus

111 2517 224 2586 quisque
242 2517 339 2570 finibus
357 2515 501 2584 habuisset,
521 2517 626 2585 imperii
644 2516 725 2568 etiam
742 2515 784 2585 jus
801 2515 960 2586 obtinerent,
973 2517 1017 2569 de·

111 2596 213 2638 cretum
225 2596 265 2638 est
273 2603 281 2655 3
299 2586 426 2638 Perdicca
437 2593 466 2638 ut
478 2603 539 2639 cum
553 2603 614 2653 rege
627 2593 706 2653 esset,
719 2585 853 2653 copiisque
871 2595 1017 2655 praeesset,

111 2671 180 2724 quae
210 2672 301 2723 regern
330 2655 527 2723 sequebantur.⁶
561 2654 701 2707 Credidere
724 2654 832 2723 quidam
857 2663 1019 2710 testamento

111 2722 255 2776 Alexandri
272 2724 426 2778 distributas
444 2741 504 2777 esse
523 2723 686 2793 provincias,
703 2723 751 2776 sed
770 2722 871 2776 famam
892 2725 952 2794 ejus
971 2724 1018 2793 rei,

113 2816 188 2824 -—.—
196 2819 325 2826 .-———

140 2857 148 2881 ¹
161 2852 215 2900 ‘To
226 2853 370 2914 challenge,'
386 2859 425 2903 ‘to
436 2854 558 2915 provoke!

139 2920 251 2979 'Supply
262 2923 383 2982 imperium
393 2922 454 2971 srom
464 2924 505 2970 the
516 2922 644 2982 preceding
655 2922 744 2970 clause.

140 2998 149 3023 ³
160 2993 265 3052 Phrygia
275 3008 306 3039 on
318 2994 358 3041 the
370 2994 521 3054 Hellespont‚
534 3011 561 3042 or
573 2995 679 3054 Phrygia
689 2994 770 3043 Minor
780 2994 817 3049 (of
827 2994 911 3043 which
922 2997 964 3044 the
976 3012 1018 3045 an·

111 3054 175 3101 cient
187 3050 302 3112 kingdom
312 3053 340 3099 of
353 3053 431 3102 'l'roas
442 3070 517 3102 wasa
544 3062 596 3110 art),
609 3069 635 3101 as
646 3052 823 3114 distinguished
838 3054 900 3103 from
913 3055 1022 3117 Phrygia

112 3111 192 3172 Major
202 3112 227 3159 in
237 3111 278 3158 the
290 3111 386 3158 interior
396 3113 424 3160 ol
436 3114 497 3161 Asia
508 3069 596 3160 Minor.

140 3177 224 3236 ‘King
234 3175 261 3223 os
270 3174 428 3234 Cappadocia.

141 3238 252 3287 ‘Should
270 3238 380 3298 properly
396 3238 456 3286 have
475 3241 537 3288 been
552 3248 715 3301 sequerentum·
735 3241 778 3288 but
795 3239 847 3288 thet
863 3240 947 3289 which
962 3241 1022 3290 then

112 3313 163 3346 was
179 3308 204 3346 to
220 3300 250 3346 be
266 3299 286 3348 is
302 3296 432 3358 expressed
447 3312 474 3346 as
490 3315 504 3347 a
519 3300 613 3360 reality,
630 3301 734 3348 because
749 3299 768 3347 it
783 3299 888 3360 actually
905 3299 948 3349 did
963 3299 1021 3350 talne

105 3356 185 3421 place.
