2274 3772
137 99 175 154 ³8
404 115 443 155 err
467 83 783 155 cessissemusne

137 231 217 276 tunae
230 222 334 292 species
351 223 466 294 conspici
485 223 576 292 potuit,
590 239 652 276 oum
671 223 697 291 ii,
710 223 755 291 qui
775 222 837 276 cum
850 223 943 276 Doreo¹
956 225 1046 278 taber·

137 291 263 344 naculum
283 300 479 356 exornaverant,
499 292 570 344 omni
592 293 655 352 luxu
676 301 703 344 et
723 293 857 361 opulentia
875 293 1043 363 instructum,

138 361 233 414 eadem
263 360 308 412 illa
331 361 488 430 Alexandro,
513 362 587 430 quasi
606 362 693 413 veteri
723 361 836 430 domino,
862 363 1043 416 reservabant.

138 431 262 498 Namque
286 430 312 482 id
338 430 423 484 solum
446 432 574 483 intactum
597 432 738 483 omiserant
761 431 866 500 milites,
887 431 923 483 ita
946 432 1044 484 tradito

138 515 219 568 more,
233 507 262 551 nt
273 499 401 552 viatorem
412 501 474 552 victi
487 499 557 566 regis
568 500 736 552 tabernaculo
749 501 908 568 exciperent.

174 571 214 619 29.
233 568 285 622 Sed
309 571 429 622 omniurn
452 569 542 621 oculos
563 570 717 648 animosque
735 569 761 622 in
780 580 865 621 semet
882 571 1045 622 averterant²

138 654 170 690 oa
190 637 260 689 tiras
273 647 359 690 mater
375 638 540 708 oonjnnxque
559 638 651 690 Darei:
671 639 717 690 1lla
728 655 780 691 non
794 637 932 707 majestate
945 638 1041 708 solum,

139 655 189 758 sed
205 707 286 759 etiarn
304 715 392 759 aetate
410 707 574 776 venerabilis,
587 706 655 759 haec
673 707 773 759 formae
791 707 992 776 pulchritudine,
1008 725 1043 760 ne

139 775 185 827 illa
208 775 317 845 quidem
346 785 415 829 sorte
444 785 588 846 cormptae.
624 777 769 846 Receperat
794 777 819 828 in
844 779 932 829 sinum
955 777 1043 839 lilium

138 844 255 896 nondum
279 853 384 898 sextum
407 863 505 899 annum
528 846 624 898 aetatis
647 862 791 914 egressum,
810 846 838 899 in
858 862 934 915 spem
951 855 1043 899 tantae

138 912 265 983 fortunae,
279 925 405 983 quantam
422 925 497 984 pater
513 914 572 984 ejus
590 910 668 983 paulo
684 922 747 967 ante
764 915 898 984 amiserat,
910 915 1041 982 genitum.

138 984 174 1035 At
186 982 212 1034 in
224 983 325 1050 gremio
336 1001 403 1036 anus
413 984 489 1036 aviae
507 984 631 1053 jacebant
648 983 753 1036 adultae
771 984 840 1036 duae
852 985 975 1053 virgines,
989 1000 1043 1037 non

139 1067 187 1104 suo
199 1060 309 1120 tantum,
323 1053 371 1104 sed
383 1054 464 1107 etiam
477 1053 547 1106 illius
558 1069 676 1106 maerore
688 1053 834 1106 coniectae.
863 1054 959 1121 lugens
971 1053 1043 1106 cirea

138 1137 199 1177 eam
218 1121 342 1174 nobilium
360 1122 520 1176 feminarum
544 1122 619 1174 turba
639 1121 798 1192 constiterat,
818 1122 941 1175 laceratis
963 1122 1043 1175 erini-

138 1188 196 1260 bus,
215 1189 373 1261 abscisaque
392 1193 487 1262 veste,⁸
524 1191 605 1244 ristini
626 1191 728 1244 decoris
747 1191 923 1260 immemores,
937 1194 1043 1259 reginas

138 1258 320 1329 dominasque,
340 1261 409 1312 veris
431 1209 572 1331 quondam,
586 1269 654 1313 ¹tunc
676 1260 780 1313 alienis*
796 1261 945 1313 nominibus
968 1263 1043 1314 invo-

137 1337 237 1382 cantes.
274 1329 346 1392 lllae,
360 1346 423 1381 suae
436 1330 593 1383 calamitatis
605 1329 710 1398 oblitae,
723 1329 751 1382 in
769 1338 826 1382 utro
845 1346 923 1382 cornu
940 1330 1044 1384 {boreus

138 1397 261 1467 stetisset,
281 1415 349 1467 quae
368 1398 470 1451 fortuna
487 1394 646 1452 discriminis
662 1399 754 1451 suisset
776 1399 951 1468 requirebant.
988 1401 1043 1451 Ne·

136 1465 234 1534 gabant
252 1484 281 1519 se
299 1467 438 1538 captassi
456 1469 556 1520 viveret
575 1485 628 1520 rex.
664 1467 715 1520 Sed
735 1438 810 1520 illurn
828 1485 911 1537 equos
929 1468 1042 1527 subinde

136 1542 284 1594 mutantem
296 1534 399 1588 lonoius
411 1536 474 1604 fuga
485 1537 638 1590 abstulerat.
674 1537 703 1590 ln
716 1538 774 1589 acie
786 1546 877 1590 antem
889 1541 967 1589 caesa
980 1547 1043 1591 sunt

136 1603 276 1657 Persarum
295 1579 419 1674 peditum
445 1616 552 1659 centurn
576 1606 656 1672 milia,
680 1606 775 1659 debern
801 1607 929 1675 equitum.
965 1608 1001 1658 At
1024 1624 1043 1660 a

172 1681 209 1725 rte
222 1672 366 1726 Alexandri
378 1684 499 1742 quattuor
511 1685 537 1728 et
549 1675 685 1745 quingenti
698 1674 880 1744 saucii‘fuere,
895 1691 928 1728 ex
947 1675 1043 1744 pediti-

135 1689 185 1796 bis
197 1742 302 1810 triginta
314 1744 419 1797 omnino
432 1752 459 1796 et
476 1745 527 1797 duo
545 1745 696 1797 desiderati⁶
713 1753 780 1813 sunt,
794 1745 913 1825 equitnm
931 1753 1042 1799 centum

134 1811 323 1914 quinqpaginta
345 1812 484 1866 interfecti.
528 1813 641 1867 Tantulo
660 1814 793 1883 impendio
817 1831 908 1882 iugens
930 1815 1043 1868 victoria

135 1890 214 1933 stetit.

168 1954 207 2002 30.
226 1951 283 2003 Rex
294 1950 411 2021 quidem,
425 1953 542 2009 Dareum
560 1951 741 2022 persequendo
753 1952 884 2021 fatigatus,
898 1962 1040 2021 postquam

134 2026 160 2070 et
184 2034 234 2070 nox
256 2020 406 2088 appetebat,
427 2032 454 2073 et
473 2021 652 2090 consequendi
672 2037 734 2089 spes
753 2038 803 2073 non
823 2029 885 2090 erat,
907 2021 934 2074 in
954 2030 1041 2074 castra

133 2088 211 2156 paulo
231 2096 292 2139 ante
312 2105 329 2140 a
349 2088 404 2142 suis
424 2099 501 2158 capta
521 2091 649 2159 pervenit.
685 2090 791 2142 lnvitari
811 2091 908 2143 deiude
929 2091 1038 2160 amicos,

132 2155 363 2225 quibusmaxime
381 2167 542 2228 assueverat,
558 2159 643 2229 jussit,
661 2160 760 2228 quippe
778 2176 883 2212 summa
901 2159 1040 2214 dumtaxat

142 2271 254 2278 »-—..

160 2334 167 2357 ¹
178 2329 263 2378 ⁴th
275 2329 361 2380 Darius
369 2331 386 2388 ς’
399 2331 451 2380 that
462 2333 491 2390 is,
505 2334 545 2382 ‘in
555 2309 596 2382 the
607 2333 699 2397 service
709 2333 738 2382 01
749 2334 853 2385 Darius.'

158 2386 478 2495 :fppmeverythingelsa’
577 2455 582 2465 Ι
759 2456 763 2466 Ι
997 2458 1002 2468 ¹

129 2449 1036 2565 setlle&thetiollttteltmintenderent

130 2579 184 2652 qu‘
192 2581 216 2671 p,
215 2581 275 2635 very
285 2583 397 2649 common
407 2584 452 2619 one
464 2571 489 2618 iu
499 2571 595 2618 ancient
604 2548 685 2619 times.
796 2529 812 2574 g
919 2532 964 2598 ρ·

159 2690 167 2715 ¹
178 2640 245 2730 ¹1*th
247 2626 371 2740 perpacata,
382 2668 505 2747 interfecti.
514 2688 578 2756 .T.h⁰
586 2688 715 2756 smallqess
723 2690 751 2738 01
758 2690 799 2738 the
808 2694 909 2742 number
917 2693 944 2741 01
951 2693 1034 2743 Mace·

130 2740 216 2789 donran
227 2741 329 2802 infantry
338 2743 393 2791 who
401 2760 466 2812 ¹terere
475 2746 535 2793 slsrn
547 2763 568 2815 rs
578 2749 724 2808 surprisrng;
737 2750 783 2797 and
794 2751 863 2799 other
871 2753 969 2800 authors
979 2753 1035 2814 give

130 2799 1033 2920 .1333&menppp,prpnsran.e‚pp.,perspecte,

129 2874 383 3026 gigripnolrityyaigordcd
392 2930 417 2968 to
425 2920 465 3027 tllrp
474 2881 684 3027 precidoiivifnvseti}
693 2881 1036 2983 {eappaonplqpsarcppgpoprhep

129 2980 1035 3111 3..ttttrtlhttt‘t.eleth.heldemlltltlttlthttll

128 3095 169 3143 the
181 3095 259 3143 whole
270 3105 336 3156 story
347 3097 375 3144 01
387 3097 549 3147 Alexnnder’s
565 3115 712 3163 conquerrng
723 3103 785 3151 Asia
795 3105 855 3152 with
867 3107 951 3154 sacha
962 3108 1035 3156 small

127 3155 230 3203 number
239 3154 268 3203 01
279 3170 342 3225 men.
374 3153 439 3224 That
452 3157 551 3206 Curtius
563 3159 667 3207 himself
674 3175 724 3209 was
735 3163 865 3222 surprised,
878 3165 898 3213 is
914 3165 1035 3217 indicated

126 3214 168 3321 az,
170 3213 219 3320 {pp
221 3231 330 3332 appplrlrp„
335 3214 423 3272 which,
436 3217 508 3265 when
516 3217 599 3285 placed
610 3217 692 3268 altera
702 3222 819 3279 numeral,
828 3223 849 3271 is
859 3224 997 3284 equivalent
1007 3235 1035 3276 to

154 3337 163 3362 ⁸
175 3331 216 3379 On
226 3331 266 3380 the
277 3333 389 3395 meaning
399 3332 446 3382 and
456 3335 620 3385 construction
630 3336 658 3386 01
669 3346 740 3396 atera,
753 3346 794 3388 sse
808 3340 887 3390 Grato.
898 3341 973 3394 1294.
