2274 3772
120 159 181 217 ΞΜ
312 180 315 189 ‘
387 176 427 216 ua
449 175 555 216 essars
578 174 764 216 russanum.

120 300 155 338 err
174 283 219 338 'his
242 282 374 338 facturum
397 301 458 337 sese
478 283 618 353 respondit,
639 292 669 336 ut
689 283 794 338 intranti
817 298 932 351 regnum
947 300 1046 339 -suum

118 363 223 424 praesto
236 362 315 423 esset,
329 354 376 406 sed
390 363 515 407 armatus.
550 355 611 407 Jarrr
629 354 773 423 Hydaspen
789 351 946 406 Alexander
958 370 1045 424 supe-

121 439 178 475 rare
207 423 369 492 decreverat,
400 441 462 476 cum
492 424 659 491 Barzaentes,
690 422 849 475 desectionis
877 422 1044 477 Arachosiis

118 493 227 560 auctor,¹
250 493 361 561 rinctus,
385 494 542 562 trigintaque
566 492 702 561 elephanti
720 491 804 544 simul
834 492 905 570 capti
938 493 1043 560 perdu-

119 573 220 630 cuntur,
234 570 409 631 opportunum
420 563 548 614 adversus
566 562 644 614 ludos
661 561 797 630 auxilium,
810 577 909 629 quippe
928 561 994 629 plus
1013 563 1042 616 in

119 629 214 700 beluis,
228 647 309 700 quam
327 631 354 684 in
373 632 488 684 exercitu
505 631 561 752 spei
573 646 606 682 ac
618 631 710 683 virium
725 630 854 682 illiserat.
883 629 1042 684 *Samaxus-

118 715 179 769 que,
193 716 240 753 rex
251 701 364 768 exiguae
400 700 464 753 artie
481 700 511 752 ln
530 701 625 768 orum?
638 699 685 769 qui
701 699 839 752 Barzaenti
857 715 886 751 se
905 698 1041 754 con'unx·

118 778 183 837 erat,
208 770 313 823 vinetus
336 770 369 822 ad
391 779 468 822 uctus
490 777 539 821 est.
576 769 656 836 lgitur
680 769 815 838 transfuga
838 776 865 820 et
889 784 983 836 reguo
1009 770 1039 824 in

118 838 274 909 custodiam,
291 839 440 908 elephantis
457 847 547 891 autem
565 837 653 890 Taxili
671 837 780 906 traditis,
797 837 832 890 ad
848 852 964 890 amnem*
980 838 1040 908 Hy·

118 907 219 976 daspen
243 909 370 978 pervenit,
391 908 418 961 in
438 907 515 976 cujus
534 907 657 960 ulteriore
680 908 737 976 ripa
760 908 842 960 Porus
864 906 1037 978 consederat,

118 977 241 1030 transitu³
260 977 439 1046 prohibiturus
457 976 570 1030 hostem.
606 976 698 1030 LXXX
717 984 744 1028 et
763 975 964 1044 V'elephantos
988 977 1037 1031 ob-

117 1044 218 1116 jecerat
233 1047 331 1099 eximio
347 1063 483 1117 corporum
497 1047 595 1116 robore,
610 1045 729 1115 ultraque
747 1062 793 1097 eos
810 1061 901 1098 currus
918 1045 992 1116 CCC,
1007 1055 1038 1100 et

118 1114 240 1186 pediturn
257 1117 329 1169 XXX
345 1114 402 1168 fere
420 1116 502 1186 milia,
522 1116 548 1168 in
567 1115 627 1184 quis
644 1122 717 1167 erant
729 1113 863 1183 sagittarii,
877 1114 958 1168 sicuti
969 1124 1044 1170 ante<

118 1183 220 1238 dictum
239 1194 287 1255 est,
307 1185 470 1254 gravioribus
489 1184 556 1255 telis,
575 1200 658 1254 quarn
674 1192 703 1237 ut
720 1193 782 1253 apte
801 1184 891 1236 excuti
912 1194 1036 1252 possent.

118 1253 209 1324 Ipsum
229 1255 344 1308 vehebat
367 1253 526 1324 elephantus
548 1271 628 1324 super·
650 1263 753 1306 ceteras
776 1252 870 1306 beluas
892 1253 1035 1308 eminens:

118 1340 246 1394 armaque
264 1340 328 1377 auro
345 1331 372 1376 et
388 1333 497 1392 argento
511 1323 635 1377 distincta
646 1339 741 1394 corpus
752 1339 826 1375 rarae
838 1322 1037 1390 magnitudinis

118 1391 302 1446 honestabunt.
343 1394 394 1446 Par
412 1394 518 1447 animus
540 1392 623 1445 robori
645 1392 767 1461 corporis,
789 1400 816 1445 et
839 1399 939 1460 quauta
962 1393 1037 1446 inter

118 1463 198 1514 rudes
209 1470 311 1531 poterat
323 1478 384 1514 esse
396 1463 533 1531 sapientia.

152 1535 194 1583 45.
214 1531 378 1583 Macedonas
395 1548 446 1583 non
464 1538 622 1600 conspectus
639 1528 756 1582 hostium
774 1531 860 1582 solum
884 1529 1035 1586 sedetiam

117 1598 244 1669 fluminis,
257 1599 328 1668 quod
345 1600 536 1653 transeundum
548 1608 611 1668 erat,
624 1598 777 1667 magnitudo
790 1567 913 1652 terrehat.
951 1599 1035 1658 Quat·

118 1677 176 1723 tuor
194 1668 222 1722 in
240 1667 408 1722 latitudinem
426 1669 513 1722 stadia
529 1667 668 1738 diffusum,
685 1667 814 1737 profundo
831 1667 915 1737 alveo,
928 1678 957 1721 et
970 1687 1036 1724 nus·

117 1755 199 1808 quarn
211 1737 281 1791 rada
292 1739 437 1808 aperiente,
447 1738 569 1809 ‘speciem
581 1739 650 1791 rasti
668 1738 750 1790 maris
768 1737 876 1790 iecerat.
912 1738 974 1791 Nec
987 1756 1037 1808 pro

117 1808 202 1878 spatio
222 1825 353 1878 aquarum
372 1806 426 1861 lata
446 1807 625 1876 stagnantium
645 1808 776 1877 impetum
796 1806 936 1860 coercebat
945 1809 965 1876 3⁴
984 1809 1036 1862 sed

117 1879 195 1947 quasi
208 1878 232 1930 in
246 1886 335 1931 artum
352 1878 510 1931 coeuntibus
523 1877 592 1946 ripis,
606 1885 706 1930 torrens
724 1884 751 1929 et
769 1875 850 1928 elisus
867 1876 1006 1930 ferebatur
1015 1881 1037 1932 :⁶

115 1948 274 2017 occultaque
292 1964 357 2000 saxa
375 1947 462 2002 inesse
480 1946 655 2000 ostendebant
673 1945 793 2016 pluribus
808 1944 875 1998 locis
889 1945 980 1999 undae
993 1965 1035 1999 re·

117 2033 269 2086 percussae.
306 2017 457 2070 Terribilior
474 2025 530 2070 erat
548 2015 632 2070 facies
650 2017 729 2085 ripae,
748 2032 829 2084 quam
847 2015 907 2084 equi
925 2016 1035 2085 virique

117 2085 324 2154 compleverant.
361 2085 468 2139 Stabant
481 2087 751 2154 ingentes‘vastorum
768 2101 906 2154 corporum
924 2086 1036 2154 moles,⁸

116 2165 143 2207 et
161 2155 196 2206 de
214 2153 341 2206 industria
359 2154 475 2207 irritatae
493 2155 620 2207 horrendo
639 2155 758 2206 stridore⁷
776 2171 855 2206 aures
872 2154 1034 2221 fatigabant.

116 2223 186 2277 Hinc
203 2223 299 2292 amnis,
317 2222 380 2275 hinc
398 2222 481 2276 hostis
499 2224 607 2291 capacia
622 2223 732 2293 quidem
745 2223 829 2276 bonae
842 2224 909 2292 spei⁸
921 2233 1035 2290 pectora

116 2301 144 2346 et
163 2309 243 2362 saepe
264 2309 293 2344 se
314 2301 422 2361 experta
442 2293 583 2362 improviso
605 2301 692 2345 tamen
718 2309 814 2362 pavore
833 2303 1033 2360 percusserant.

115 2362 219 2433 Quippe
238 2360 381 2415 instabiles
394 2370 462 2414 rates
480 2379 530 2415 nec
547 2362 624 2430 dirigi
641 2363 675 2413 ad
694 2363 786 2432 ripam,
803 2378 853 2414 nec
871 2370 926 2414 tuto
944 2363 1034 2432 appli-

116 2434 171 2485 cari
189 2449 267 2503 posse
279 2431 432 2484 credebant.
469 2432 551 2484 Erant
563 2432 588 2483 in
602 2432 690 2484 medio
702 2448 781 2484 amne
795 2431 896 2484 insulae
908 2433 1032 2503 crebrae,

116 2503 141 2555 in
161 2520 228 2572 quas
246 2513 272 2554 et
291 2501 350 2554 ludi
375 2509 402 2554 et
420 2501 585 2554 Macedones
608 2510 710 2571 nantes,
729 2501 824 2559 levatis
844 2517 924 2570 super
940 2503 1034 2572 capita

144 2647 303 2696 ¹Seeri.2l.

143 2706 230 2754 ’Ther
242 2708 271 2763 is,
284 2707 312 2754 of
323 2707 365 2755 the
377 2707 475 2756 Indiaue
486 2722 517 2754 on
529 2707 578 2755 this
589 2707 641 2755 side
653 2707 693 2754 the
705 2706 788 2755 Indus.

144 2765 201 2812 ⁸As
212 2773 237 2812 to
247 2765 289 2813 the
301 2767 473 2822 construction,
486 2782 528 2814 see
541 2767 621 2814 Gram.
634 2767 708 2818 9297.
774 2810 776 2815 ,

144 2828 153 2851 ⁴
166 2824 233 2892 ‘And
244 2825 261 2871 it
273 2825 313 2873 did
327 2836 369 2873 not
380 2826 481 2874 restrain
493 2825 533 2873 the
545 2825 647 2886 rapidiry
658 2825 686 2873 ol
698 2826 730 2873 ite
745 2841 831 2873 course
846 2825 871 2873 in
886 2829 1031 2886 proportion

115 2894 140 2932 to
150 2881 191 2930 the
203 2883 265 2931 wrde
274 2894 357 2932 extent
369 2901 426 2933 over
437 2885 518 2932 which
529 2885 560 2932 its
571 2895 659 2932 waters
671 2900 735 2932 were
746 2885 848 2944 spread!

144 2950 152 2974 ¹
165 2942 203 2989 ‘It
212 2941 301 2990 rushed
310 2943 383 3003 along
391 2944 508 3004 luriously
518 2943 565 2991 and
573 2943 682 3004 rapidly.'
714 2943 815 2992 Terrena
827 2945 847 2992 is
859 2943 899 2992 the
911 2947 1031 3010 standing

114 3002 179 3051 word
191 3001 227 3049 for
237 3016 267 3048 an
279 3001 417 3060 impetuous
429 3003 553 3051 mountain
564 3012 663 3051 stream.
814 3020 816 3025 ⁴
950 3007 951 3010 ’

141 3067 150 3092 ⁸
163 3061 233 3109 ‘The
245 3059 308 3120 huga
320 3076 413 3109 messes
424 3062 452 3110 os
463 3061 570 3111 uncouth
581 3061 665 3110 bodies
676 3062 726 3117 (the
737 3061 888 3121 elephanto)
923 3096 927 3108 .

143 3120 215 3169 1Οιιτ
230 3119 317 3168 author
332 3119 392 3167 calla
408 3121 449 3167 the
465 3121 571 3180 peculiar
586 3121 662 3169 sound
679 3122 759 3169 which
775 3137 805 3170 err
821 3122 858 3170 ele
876 3122 934 3170 hant
951 3125 1028 3174 emite

113 3179 217 3242 through
233 3180 265 3248 its
281 3178 354 3249 trunlr¹
369 3181 466 3248 stridor,
483 3185 512 3227 ‘a
523 3179 664 3240 whistling.'
698 3180 752 3228 The
768 3138 896 3240 particular
910 3197 983 3231 name
996 3186 1026 3233 of

112 3240 161 3288 this
171 3239 248 3287 sound
259 3254 279 3286 rs
290 3241 402 3292 barritus,
413 3247 464 3297 Just
476 3254 502 3286 as
512 3241 621 3288 hinnitus
632 3239 758 3295 ofhorses,
771 3241 927 3302 ‘neighinffl’
945 3246 1025 3305 magi·

112 3307 152 3346 tas
162 3297 190 3346 of
202 3299 274 3354 bulls,
291 3296 435 3356 ‘bellowing
444 3297 459 3353 ;’
478 3299 569 3346 balatus
581 3297 609 3345 of
621 3297 704 3358 sheep,
720 3299 866 3360 ‘bleating3'
885 3303 982 3350 raditur
994 3301 1026 3352 of

105 3373 184 3414 asses,
202 3357 344 3422 ‘braying;’
363 3355 498 3422 rogitator
510 3356 583 3414 lions,
596 3357 732 3426 ‘roaringQ

126 3423 137 3448 ’
149 3424 157 3446 ¹
168 3418 260 3472 Which
272 3433 297 3472 ar
308 3419 382 3473 other
393 3419 468 3471 times
481 3417 556 3470 could
566 3417 644 3479 easily
657 3427 757 3466 contero
763 3415 928 3475 machnase}x
