2274 3772
429 235 430 239 ,
480 199 571 241 arete
591 199 654 242 rur.
960 183 1020 242 w

112 307 234 378 sepulcra
251 308 459 378 comprehendit.
495 309 608 363 Vetusta
625 309 704 362 cedro
722 315 797 362 erant
814 305 893 377 iacta,
908 321 1019 378 concep·

113 384 225 446 turaque
244 377 333 445 ignem
353 377 406 430 late
424 377 525 447 fudere,
538 377 624 431 donec
642 378 731 431 omnia
749 379 804 432 solo
818 384 934 446 aequata
949 387 1019 430 sunt.

114 446 148 499 lit
165 461 201 499 ex
219 445 284 499 urhe
301 448 417 515 primum
436 465 535 505 canum,
545 448 662 517 latratus,
677 447 774 501 deinde
786 445 869 501 etiam
881 445 1020 501 hominum

113 515 235 568 fremitus
246 515 352 569 auditus
363 528 412 568 est.
431 517 500 569 Tum
513 525 540 569 et
552 516 677 585 oppidani
689 516 801 586 hostem,
815 524 842 567 et
855 515 1020 568 Macedones

112 585 147 637 ad
164 585 257 639 urbem
276 586 347 654 ipsos
365 586 470 638 venisse
487 594 656 654 cognoscunt.
690 588 806 655 Jamque
826 601 874 637 rex
890 584 1019 638 eduxerat

112 655 210 724 copias,
235 663 262 706 et
285 654 392 707 moenia
414 654 562 724 obsidebat,
586 671 648 708 cum
674 656 789 709 hostium
827 653 855 706 ui
874 653 1019 708 discrimen

112 731 307 793 temptaverant
325 723 409 777 obruti
428 725 489 777 telis
507 734 575 782 sunt.
612 724 681 777 Aliis
699 742 760 792 ergo
772 671 944 792 deditionem,
957 723 1018 778 aliis

112 809 229 865 pugnam
253 793 366 872 experiri
390 792 528 863 placebat:
553 809 664 862 quorum
687 794 851 847 dubitatione
874 802 1017 863 comperta,

111 862 293 915 circumsideri
311 872 413 915 tantum
430 879 484 931 eos,
499 872 525 915 et
539 863 664 917 abstineri
682 863 812 916 caedibus
829 862 914 932 jussit.
950 863 1018 915 Tau·

111 930 228 1000 demque
240 931 385 984 obsidionis
396 932 474 984 malis
486 932 586 1000 fatigati
600 930 727 984 dedidere
738 949 777 984 se.
803 936 828 984 A
837 931 932 984 Libero
941 931 1018 984 Patra

111 999 231 1053 conditos
244 1017 273 1052 se
286 1017 345 1052 esse
358 1001 500 1070 dicebant,
518 1011 546 1054 et
557 1018 621 1054 vera
639 1000 706 1054 haec
724 1001 796 1070 origo
808 1009 873 1052 erat.
910 1000 966 1053 Sita
976 1010 1018 1054 est

112 1069 163 1121 sub
176 1069 309 1122 radicibus
323 1071 428 1139 montis,
441 1087 523 1139 quern
542 1072 636 1124 Meron
653 1071 755 1123 incolae
773 1070 916 1140 appellant.
953 1069 1018 1122 Inde

111 1137 209 1190 Graeci
228 1138 373 1191 mentiendi
392 1148 495 1193 traxere
513 1140 657 1209 licentiam,
675 1141 748 1194 Jovis
766 1139 875 1194 lemine¹
892 1139 1018 1193 Liberum

112 1206 217 1260 Patrem
230 1225 289 1261 esse
301 1209 427 1262 celatum.

147 1280 188 1328 36.
208 1278 272 1346 Rex,
292 1278 343 1330 situ
364 1278 462 1331 montis
484 1279 589 1346 cognito
613 1278 767 1346 extricatio,
789 1295 852 1330 curn
873 1285 926 1330 toto
945 1293 1018 1330 exer·

111 1344 173 1414 citu,
187 1347 339 1415 praemissis
350 1348 551 1416 commeatibus,
560 1349 689 1402 verticem
702 1347 762 1400 e'us
772 1346 901 1401 ascendit.
932 1346 1020 1399 Multa

112 1413 212 1466 hedera
225 1415 339 1485 vitisque
350 1425 405 1468 toto
416 1417 531 1484 gignitur
543 1426 633 1470 monte
641 1434 648 1484 ;
666 1365 767 1470 multae
785 1433 917 1486 perennes
933 1432 1019 1484 equae

111 1494 229 1536 manant.
266 1485 405 1539 Pomorum
417 1503 524 1555 quoque
536 1487 603 1538 varii
621 1486 795 1555 salubresque
813 1485 870 1538 suoi
889 1495 957 1553 sunt,
971 1501 1022 1539 sua

110 1562 204 1622 sponte
222 1552 386 1607 fortuitomm
405 1554 538 1608 seminum
557 1555 647 1624 fruges
663 1555 745 1608 humo
763 1556 904 1609 nutriente.
941 1554 1020 1608 lauri

111 1621 297 1692 baccarisque²
307 1623 391 1676 multa
402 1623 429 1677 in
443 1624 494 1677 illis
514 1625 623 1695 rupibus
641 1625 754 1693 agrestis
770 1638 811 1678 eet
823 1624 898 1677 silva.
935 1623 1019 1679 Credo

110 1692 245 1760 equidem,
264 1709 314 1745 non
339 1694 426 1745 (livino
451 1693 581 1762 instinctu,
602 1694 649 1746 sed
669 1695 778 1747 lascivia
795 1711 854 1747 esse
873 1703 1018 1762 provectos,

110 1769 140 1812 ut
158 1763 257 1829 passim
278 1761 393 1815 hederae
412 1779 444 1814 ac
456 1764 550 1816 vitium
571 1763 635 1816 folia
652 1764 834 1833 decerperent,
848 1763 964 1816 redimiti
984 1778 1018 1815 ua

110 1827 202 1882 fronde
212 1840 265 1883 toto
274 1847 381 1884 nemore
394 1831 495 1884 similes
506 1832 697 1886 bacchantibus
709 1841 875 1900 vagarentur.
904 1779 1020 1885 Vocibus

109 1914 174 1966 ergo
187 1907 224 1951 tot
236 1900 346 1966 milium,
361 1900 511 1969 praesidem
531 1902 646 1953 nemoris
665 1901 724 1970 ejus
741 1901 824 1953 deum
844 1901 1017 1968 adorantium,

109 1967 174 2036 juga
186 1968 283 2020 montis
293 1968 428 2038 collesque
442 1969 604 2035 resonabant,
618 1987 682 2022 oum
698 1978 754 2021 orta
772 1968 880 2022 licentia
890 1986 908 2021 a
918 1967 1020 2039 paucis,

111 2045 140 2089 ut
160 2035 215 2088 lere
226 2037 263 2105 fit,
278 2038 304 2089 in
322 2055 415 2090 omnes
431 2054 461 2090 se
480 2048 589 2107 repente
601 2039 744 2107 vulgasset.
779 2038 885 2108 Quippe
902 2038 1018 2091 velutin

112 2105 201 2158 madia
224 2123 298 2175 pace,
319 2123 367 2176 per
393 2106 489 2160 herbas
510 2119 701 2177 aggestamque
719 2106 839 2160 lroudem
858 2116 1020 2177 prostravere

111 2191 228 2243 corpora.
266 2176 299 2229 Et
310 2193 356 2228 rex
369 2175 501 2228 fortuitam
520 2177 649 2230 laetitiam
668 2194 718 2230 non
736 2186 881 2247 aversatus,
895 2176 967 2245 large
984 2175 1019 2229 ad

111 2244 205 2313 epulas
216 2245 339 2298 omnibus
350 2245 483 2315 praebitis,
496 2262 543 2314 per
555 2246 649 2300 decem
662 2247 721 2300 dies
733 2247 911 2300 Libero‘Patri
929 2261 1020 2315 opera·

113 2323 169 2366 tum
182 2313 273 2366 hebuit
285 2315 452 2367 exercitum.³
480 2316 546 2374 Quis
558 2325 645 2384 negat,
656 2317 781 2369 eximiam
794 2331 899 2385 quoque
910 2315 1021 2383 gloriam

112 2383 220 2452 saepius
237 2382 365 2453 fortunae,
378 2401 458 2453 quam
472 2386 583 2451 virtutis,
597 2402 657 2437 esee
671 2385 851 2438 beneficiumt
869 2385 968 2453 quippe
984 2399 1019 2436 ua

112 2452 252 2521 epulantes
268 2452 377 2522 quidem
395 2462 423 2505 et
440 2453 539 2523 sopitos
555 2471 629 2506 mero
641 2454 751 2522 aggredi
768 2470 851 2506 ausus
868 2462 909 2505 est
926 2451 1017 2520 hostis,

366 2559 471 2566 .,.-....,..
491 2560 522 2566 -,
534 2561 560 2566 ,,,,
578 2561 589 2566 ,,
819 2558 1017 2566 .--.-—————

142 2615 188 2664 ¹In
201 2616 291 2672 Greek,
306 2616 347 2685 the
362 2616 430 2676 thigh
447 2618 544 2677 (senar)
555 2617 576 2665 is
587 2617 665 2665 called
690 2625 744 2724 epos.
776 2616 850 2674 Here,
863 2616 929 2685 then,
942 2617 968 2664 in
979 2616 1020 2666 the

112 2676 282 2724 mountainous
293 2676 385 2723 district
397 2691 427 2722 un
439 2675 479 2723 the
491 2676 561 2723 north
572 2676 600 2724 oi
612 2676 653 2724 the
688 2692 702 2723 a
720 2676 745 2724 ul
759 2676 842 2732 River‚
855 2675 935 2724 which
951 2675 1020 2724 llows

112 2734 216 2795 through
229 2750 242 2782 a
253 2734 344 2783 fruitful
355 2734 401 2783 and
410 2735 519 2794 pleasant
528 2746 638 2795 country,
649 2735 695 2783 and
706 2735 761 2784 t‘alls
769 2735 820 2783 into
829 2735 870 2783 the
881 2734 955 2784 Indue
963 2749 1021 2784 near
1063 2781 1066 2787 .

112 2793 201 2849 Attolr,
214 2793 281 2849 herc,
292 2809 329 2840 we
341 2809 393 2862 sap,
404 2794 445 2840 the
458 2793 630 2842 Macedoniam
642 2794 744 2855 thought
756 2793 815 2854 they
823 2793 870 2842 had
880 2792 1021 2842 discovered

111 2852 153 2900 the
164 2852 297 2912 birthplace
308 2852 336 2900 of
345 2852 475 2912 Dionysus,
489 2852 535 2901 and
547 2853 587 2901 the
598 2853 750 2913 explanation
761 2852 789 2901 ol
801 2853 842 2900 the
853 2852 916 2901 sabla
926 2852 978 2901 thet
989 2851 1020 2901 lrs

110 2911 158 2960 hed
169 2927 237 2959 come
249 2921 290 2959 out
302 2911 330 2959 ol
336 2912 378 2959 tha
390 2911 457 2972 thigh
467 2912 494 2959 ol
502 2911 574 2959 Zeus.
597 2912 652 2960 The
661 2912 785 2960 mountain
794 2920 820 2960 to
828 2911 908 2960 which
917 2911 1020 2960 allusion

111 2971 133 3018 is
144 2971 213 3019 made
225 2982 289 3018 must
301 2972 331 3019 be
341 2986 419 3030 uspur
427 2970 455 3018 ol
462 2970 503 3018 the
512 2971 582 3018 chain
590 2970 888 3025 Hiudulrushttheludian
895 2969 1020 3018 Caucasus

111 3045 143 3077 on
154 3029 202 3078 this
214 3029 265 3078 side
276 3029 318 3077 the
329 3029 422 3084 Indus).
454 3028 502 3076 We
513 3030 635 3084 moderas,
648 3030 672 3077 in
684 3030 749 3078 Euro
790 3039 815 3078 et
828 3030 898 3086 least,
911 3044 951 3078 era
961 3042 1020 3088 vary

111 3088 137 3136 ill
148 3089 290 3149 acquainted
302 3089 361 3136 with
372 3089 413 3136 the
424 3088 563 3149 geography
573 3088 601 3136 ol
608 3088 658 3137 that
669 3099 722 3149 part
733 3105 748 3137 o
768 3088 844 3138 India.

139 3169 245 3219 ’Boccor
255 3169 275 3217 is
287 3185 301 3217 a
311 3168 385 3216 shrub
398 3168 456 3216 with
467 3167 572 3228 fragrant
583 3178 656 3216 roots.
688 3167 736 3217 We
747 3183 787 3217 are
798 3168 855 3216 hero
866 3165 915 3214 told
927 3163 1021 3214 thatun

110 3229 221 3277 absolute
232 3227 306 3276 forest
317 3227 346 3277 os
357 3228 406 3276 this
417 3227 491 3276 shrub
503 3227 549 3276 end
560 3227 588 3276 ol
600 3228 641 3276 the
651 3226 728 3277 leurel
738 3226 786 3276 had
796 3240 886 3287 sprung
896 3239 937 3284 up.

139 3308 238 3368 '‘Kept
254 3307 321 3356 them
332 3305 441 3376 engaged
453 3307 476 3354 in
490 3307 532 3354 the
542 3305 649 3366 worship
664 3305 692 3355 oi
704 3305 795 3375 Father
806 3301 1021 3371 Libertssaochus,

110 3367 260 3427 Dionysum)
293 3366 394 3429 operari
401 3382 422 3414 rs
434 3365 475 3414 the
486 3381 572 3426 proper
581 3375 646 3416 term
652 3364 689 3415 lor
696 3364 820 3425 rehgtous
826 3369 1037 3412 ceruicesmm·

111 3423 179 3483 tices,
190 3440 299 3487 prayers,
312 3425 359 3476 end
370 3424 458 3487 secred
467 3441 563 3490 gemes.

440 3590 459 3619 0
