2274 3772
460 186 465 196 Ι
485 130 578 175 arnan
597 129 636 170 tv.
978 115 1016 171 67

109 238 168 307 ipsa
185 245 276 292 autem
288 238 345 291 avis
357 238 384 292 in
397 238 515 310 proxima
528 247 596 291 tnrre
609 239 738 293 consedit.
775 239 845 292 Illita
865 248 921 293 erat
942 239 1018 293 turris

110 306 239 360 bitumina
256 325 289 361 ao
306 306 449 378 sulphnre,¹
468 308 492 360 in
520 325 573 377 qna
599 308 648 363 alis
674 308 852 375 haerentibus,
872 308 968 361 frustra
986 325 1017 360 se

110 377 226 441 allevare
243 387 360 446 conatus,
373 395 390 429 a
402 377 634 431 circumstantibus
651 380 762 448 capitur.
800 378 884 447 Digna
897 396 939 431 res
951 379 1016 444 visa,

111 448 144 501 de
157 463 209 516 qna
220 456 296 499 vates
307 446 469 500 consuleret:
492 456 519 498 et
532 456 588 498 erat
601 464 650 499 non
670 448 783 503 intactae
795 465 811 499 a
824 449 1018 516 superstitione²

108 516 215 571 mentis.
252 517 322 584 Ergo
334 516 496 585 Aristander,
510 516 553 567 cui
565 516 683 569 maxima
695 518 763 570 fides
774 516 930 585 habebatur,
945 518 1018 570 urbis

110 585 220 656 quidem
233 586 366 639 excidium
385 586 494 654 augurio
514 584 558 637 illo
579 586 718 665 portendi,³
730 595 850 639 ceterum
869 586 1016 655 periculum

111 672 178 725 esse,
191 673 226 708 nc
239 672 285 708 rex
296 655 393 709 vulnus
411 655 559 724 acciperet:
579 665 668 724 itaque
684 657 792 726 monuit,
805 673 839 708 ne
852 656 915 724 qnid
929 673 960 708 eo
973 656 1017 708 die

111 725 249 794 inciperet.
286 724 343 795 llle,
368 732 529 794 quamquam
553 741 634 777 unam
659 725 752 781 urbem
776 725 833 795 sibi,
855 742 906 794 qno
930 726 1018 778 minus

111 811 221 856 securus
245 796 400 864 Aegyptum
424 794 540 863 intraret,
564 793 669 847 obstare
692 811 772 864 aegre
795 794 905 863 larebat,
929 806 1018 848 tamen

110 864 194 936 paruit
207 864 268 932 vati,
281 865 439 932 signumque
453 863 570 932 receptui
583 863 665 915 dedit.

147 938 189 986 27.
209 933 278 985 Hinc
291 935 395 985 animus
407 933 488 984 crevit
501 933 622 999 obsessis,
636 934 788 1003 egressique
801 944 875 1003 porta
893 934 1018 987 receden-

112 1003 183 1056 tibus
200 1002 315 1062 inierunt
335 1001 418 1070 signa,
432 1002 627 1054 cunctationem
649 1001 763 1056 hostium
783 1021 857 1056 suam
872 1003 925 1056 lore
943 1019 1017 1056 occa·

90 1115 92 1119 .
112 1073 226 1124 sionem⁴
249 1072 306 1136 rati.
343 1070 393 1123 Sed
418 1071 504 1122 acrius
524 1088 605 1140 quarn
624 1073 789 1125 constantius
806 1072 934 1142 proelium
954 1073 1018 1126 inie-

113 1149 188 1193 runt:
208 1141 305 1210 quippe
324 1149 352 1194 ut
363 1141 542 1194 Macedonum
555 1142 630 1210 signa
642 1141 785 1210 circumagi
797 1141 896 1210 videre,
910 1151 1018 1212 repente

113 1210 208 1264 sistunt
231 1209 351 1278 gradum.
393 1211 506 1280 Jamque
536 1206 570 1263 ad
597 1228 687 1279 regem
712 1211 896 1280 proeliantium
920 1212 1019 1264 clamor

112 1292 275 1350 pervenerat,
294 1296 355 1338 cum
374 1279 651 1349 denuntiatipericuli
671 1280 740 1332 haud
760 1297 824 1333 sane
836 1298 945 1349 memor,
960 1282 1018 1333 lori-

113 1367 173 1402 cam
192 1360 289 1418 tamen,
307 1365 387 1417 qnam
406 1366 461 1414 raro
480 1349 614 1419 induebat,
634 1350 729 1402 amicis
746 1349 880 1402 orantibus
897 1350 1017 1419 sumpsit,

113 1419 185 1471 etad
205 1419 289 1488 prima
309 1419 383 1486 signa
420 1420 529 1471 ervenit.
565 1419 623 1477 Quo
643 1432 784 1489 conspecto
803 1420 890 1472 Arabs
910 1421 1018 1488 quidam

113 1488 190 1542 Darei
202 1488 287 1556 miles,
301 1487 389 1557 majus
400 1436 502 1540 hortuna
514 1506 562 1541 sua
577 1489 681 1541 facinus
692 1507 779 1557 ausus,
793 1488 910 1557 gladium
925 1489 1019 1559 clypeo

112 1568 212 1627 tegens,
226 1558 301 1627 quasi
317 1557 450 1625 transfuga
462 1558 576 1627 genibus
588 1558 656 1626 regis
674 1558 829 1611 advolvitur.
865 1559 913 1612 llle
931 1575 1017 1612 assur-

112 1644 175 1697 gere
194 1627 351 1696 supplicem,
373 1627 506 1696 recipique
535 1626 602 1681 inter
628 1645 689 1680 suos
714 1628 799 1698 jussit.
836 1630 871 1681 At
891 1628 1018 1682 barbarus

112 1697 201 1766 gladio
215 1708 321 1749 strenue
334 1697 359 1748 in
372 1696 492 1749 dextram
514 1697 646 1766 translato,
660 1699 791 1750 cervicem
813 1699 912 1766 appetit
935 1698 1017 1765 regis:

112 1767 157 1836 qni
177 1767 273 1836 exigua
292 1765 407 1835 corporis
424 1766 600 1820 declinatione
618 1767 716 1818 evitato
735 1767 799 1837 ictu,
813 1767 838 1818 irr
853 1784 950 1819 varrum
963 1784 1018 1818 ma·

113 1853 174 1888 num
195 1836 298 1889 barbari
325 1835 427 1904 lapsam
452 1845 573 1905 amputat
598 1835 867 1905 gladi0,'denuntiato
891 1839 916 1888 in
945 1836 1018 1890 illum

113 1905 186 1958 diem
212 1904 339 1977 periculo,
366 1914 394 1958 ut
420 1904 596 1958 arbitrabatur
621 1906 686 1974 ipse,
714 1904 864 1958 defunctus.
901 1905 960 1972 Sed,
990 1916 1019 1958 ut

112 1975 209 2044 opinor,
223 1974 377 2027 inevitabile
396 1979 436 2027 est
453 1974 548 2027 fatum.
585 1974 688 2043 Quippe
711 1974 775 2026 dum
799 1975 868 2027 inter
890 1977 1019 2044 primores

112 2045 258 2114 promptius
283 2042 401 2112 dimicat,
430 2044 524 2112 sagitta
550 2043 619 2096 ictus
644 2052 700 2096 est:
731 2061 812 2113 quam
839 2062 885 2114 per
910 2045 1016 2099 loricam

112 2113 249 2183 adactam,
260 2122 375 2166 stantem
393 2114 418 2167 in
438 2112 547 2166 humero
566 2112 687 2166 medicus
700 2111 758 2182 ejus
770 2113 836 2166 Phili
857 2131 907 2183 pus
919 2115 1018 2167 evellit.

112 2182 244 2236 Plurimus
269 2182 366 2236 deinde
391 2184 498 2251 sanguis
523 2198 631 2236 manare
657 2184 751 2252 coepit,
769 2133 892 2236 omnihus
916 2185 1018 2251 territis,

104 2253 177 2320 'quia
201 2269 259 2322 non,
279 2269 363 2321 ¹quarn
393 2254 447 2305 alte
477 2252 642 2321 penetrasset
666 2252 757 2322 telum,
784 2252 861 2305 lorica
885 2253 1017 2317 obstante,

113 2330 299 2388 cognoverant.
335 2323 403 2391 lpse,
417 2339 451 2374 ne
469 2323 522 2375 oris
540 2321 649 2391 quidem
668 2322 754 2375 colore
773 2332 880 2389 mutato,
894 2323 1019 2390 supprimi

113 2390 311 2459 sanguineme't
323 2391 420 2443 vulnus
431 2391 540 2458 obligari
557 2390 643 2460 jussit.
681 2391 730 2442 Diu
745 2401 806 2443 ante
819 2391 876 2459 ipsa
889 2393 963 2458 signa
976 2390 1019 2442 vel

113 2458 287 2529 dissimulato,
312 2459 356 2511 vel
379 2461 447 2512 vieto
471 2460 560 2512 dolore
584 2460 749 2528 perstiterat;
773 2477 836 2511 cum
863 2476 1020 2529 suppressus

130 2528 192 2582 aulo
210 2538 273 2581 ante
291 2530 399 2605 sanguis
417 2530 620 2596 medicamento,
634 2544 686 2596 quo
705 2537 822 2581 retentus
833 2537 897 2597 erat,
911 2546 1018 2582 manare

113 2547 218 2667 ihngins
236 2599 330 2668 eoepit,
344 2606 371 2651 et
389 2597 493 2669 vulnus,
510 2597 584 2667 quod
597 2597 814 2666 stupens⁵adhuc
831 2597 948 2665 dolorem
967 2617 1017 2652 non

113 2666 241 2736 moverat,
256 2668 368 2736 frigente
386 2670 514 2737 sanguine
526 2667 660 2721 intumuit.
696 2666 789 2736 Linqui
807 2667 904 2720 deinde
922 2669 1017 2737 animo,

112 2750 139 2792 et
159 2738 278 2791 submitti
298 2752 367 2806 genn
387 2739 501 2808 coepit:⁰
520 2754 599 2806 qoem
613 2735 725 2804 proximi
738 2746 880 2807 exceptum
894 2738 1019 2791 incastra

142 2843 283 2899 ²Plntarch,
297 2844 321 2890 in
336 2844 374 2891 his
394 2843 434 2891 lile
450 2843 479 2891 of
493 2841 640 2894 Alexander.
653 2857 710 2901 says
725 2842 778 2891 that
794 2843 835 2892 the
851 2844 903 2893 bird
915 2861 965 2894 was
976 2862 1018 2894 en·

113 2914 154 2952 tan
172 2903 212 2951 led
221 2902 268 2950 and
278 2903 367 2962 caught
379 2918 467 2962 among
478 2902 519 2959 tlte
531 2912 585 2955 neta
596 2901 644 2948 and
653 2901 730 2949 corda.

140 2967 151 2992 ²
182 2963 280 3023 egardin
307 2980 322 3008 a
333 2964 507 3024 superstitione,
520 2977 561 3008 see
575 2961 655 3008 Grani.
668 2959 681 3011 i
692 2963 743 3008 3οἳΙ

141 2978 405 3128 'supply‘ieclared‘
475 3080 479 3088 Ι

142 3087 151 3108 ⁴
162 3082 194 3128 ‘A
215 3080 343 3128 avonrable
354 3089 508 3139 opportunity
518 3079 555 3127 for
566 3077 730 3126 themselves!

143 3147 151 3172 ⁸
163 3139 258 3188 Vulnus
270 3149 355 3201 stupet,
369 3139 409 3186 tlre
419 3139 507 3185 wound
518 3138 622 3185 remains
634 3152 703 3196 open.

141 3199 213 3246 “He
230 3201 309 3258 began
325 3198 416 3245 tolose
433 3197 471 3245 his
487 3197 626 3251 resolution,
639 3196 686 3244 and
701 3206 726 3245 to
742 3197 797 3248 sinit
813 3214 876 3257 upon
887 3198 925 3245 his
937 3197 1016 3244 lance)

113 3259 226 3306 Submitti
236 3258 256 3306 is
269 3258 309 3304 the
325 3273 392 3305 same
404 3257 460 3304 here
472 3272 498 3304 aa
509 3274 535 3304 se
544 3258 696 3304 submittere.-
713 3274 777 3317 gena
794 3257 835 3304 the
851 3257 1018 3304 instromental

114 3317 227 3372 ablativa,
240 3316 275 3364 lor
286 3316 326 3364 thc
339 3317 400 3363 lmee
412 3331 463 3362 was
475 3315 515 3363 the
527 3316 679 3371 instrument,
692 3331 719 3364 or
730 3316 897 3364 intermediate
914 3325 976 3374 step,
989 3315 1017 3363 ol

114 3376 153 3425 his
163 3375 247 3436 falling
258 3388 282 3424 to
293 3376 334 3424 the
345 3374 446 3436 ground.
