2274 3772
401 229 402 232 =
486 213 579 253 ursan
599 214 651 253 vrr.
964 195 1021 251 tse

112 331 202 375 autem
230 320 397 374 Chorasmios
420 330 447 373 et
471 320 561 374 Dahas
588 316 721 391 Sacasque
748 329 775 372 et
803 319 882 373 indos
905 329 930 372 et
955 320 1023 374 ultra

113 392 235 445 Tanaim¹
255 409 362 444 amnem
384 390 502 442 colentes
522 391 642 460 Scythas,
664 408 773 460 quorum
796 391 931 442 nemiuem
955 391 1023 442 adeo

114 461 243 514 humilem
255 477 323 528 esse,
337 469 364 512 ut
377 460 479 512 humeri
493 460 551 528 ejus
564 478 613 512 non
632 470 738 528 possent
757 460 913 512 Macedonis
932 460 1024 512 militis

86 552 91 567 ¹
114 531 240 583 verticem
258 546 382 597 aequare.
418 527 590 581 Conclamant
613 530 760 596 temulenti,
779 546 859 581 unam
879 529 947 580 hano
965 547 1023 581 sen·

114 599 223 652 tentiam
236 599 371 652 salubrem
383 615 457 650 esse:
477 609 504 649 et
522 597 619 652 Bessus
637 599 798 652 circumferri
811 615 913 650 merum
927 598 1024 666 largius

111 668 195 737 jubet,
209 668 389 721 debellaturus
400 684 479 736 super
492 684 613 720 mensam
626 667 816 721 Alexandrum.
859 733 862 737 y

151 743 190 790 to.
210 739 272 790 Erat
285 739 309 789 in
323 754 356 790 eo
368 737 489 789 convivio
507 736 628 804 Cobares,
642 738 746 790 natione
759 737 864 805 Medus,
878 737 923 789 sed
944 737 1024 803 magi-

113 825 162 863 cae
174 807 236 858 artis
248 807 281 877 (si
294 806 373 858 modo
384 823 427 857 ars
438 816 486 872 est,
500 823 549 858 non
563 807 698 859 vanissimi
716 805 843 875 cujusque
863 805 1025 876 ludibrium2)
1052 809 1054 813 '

115 876 200 945 magis
217 875 478 945 professionequam
498 876 609 928 scientia
627 876 740 943 celeber,
759 874 855 943 alioqui
874 874 1025 929 moderatus

115 955 143 997 et
161 945 264 1015 probus.
301 945 328 996 ls
346 961 407 996 eum
428 945 560 1012 praelatus
579 954 658 1013 esset,
675 946 741 996 seire
762 961 837 996 servo
857 943 946 1003 utilius
965 961 1024 996 esee

116 1031 208 1082 parere
221 1013 299 1081 dicto,
312 1030 394 1082 quam
411 1013 504 1066 afferre
523 1014 669 1082 consilium,
683 1031 744 1065 cum
763 1013 830 1082 illos,
844 1015 888 1082 qui
907 1023 1023 1082 pareant,

117 1083 187 1134 idem
207 1081 275 1150 quod
294 1093 395 1134 ceteros
412 1093 526 1150 maneat,
540 1084 584 1151 qui
598 1100 659 1135 vero
676 1082 812 1151 suadeant,
824 1083 955 1151 proprium
975 1081 1026 1134 sibi

118 1151 262 1219 perieulum
274 1152 292 1203 :³
304 1150 426 1220 poculum
439 1152 527 1216 etiam,
541 1153 608 1220 quod
629 1152 744 1205 habebat
762 1151 789 1203 in
807 1169 896 1217 uranu,
910 1150 1024 1203 tradidit.

117 1221 175 1278 Quo
193 1230 303 1289 accepto
321 1221 442 1288 Gobares,
455 1222 562 1288 Natura,
578 1222 669 1290 inquit,
684 1220 832 1273 mortalium
853 1221 902 1272 hoo
920 1236 1025 1288 quoque

118 1290 223 1342 nomine
243 1307 323 1358 prava
344 1299 370 1341 et
391 1289 495 1341 sinistra
515 1289 568 1341 dici
590 1298 682 1359 potest,
704 1291 773 1358 quod
798 1290 823 1341 in
845 1308 892 1342 suo
912 1290 1025 1358 quisque

118 1360 222 1426 negotio
240 1358 359 1411 hebetior
371 1366 419 1426 est,
433 1376 512 1426 quam
525 1359 550 1410 in
564 1359 658 1411 alieno.
695 1359 822 1411 Turbida⁴
839 1368 899 1411 sunt
917 1358 1025 1410 consilia

117 1444 215 1496 eorum,
229 1429 273 1498 qui
291 1427 343 1480 sibi
362 1428 481 1480 suadent.
517 1429 609 1481 Obstat
625 1437 720 1496 metus,
733 1427 793 1480 aliis
811 1429 949 1497 cupiditas,
964 1443 1025 1480 non-

116 1514 252 1566 nunquam
271 1497 396 1550 naturalis
413 1515 513 1567 eorum,
532 1502 601 1565 quae
620 1498 817 1566 excogitaveris,
837 1515 918 1549 amor.
954 1498 1024 1550 Nam

116 1566 143 1618 in
156 1576 181 1618 te
194 1567 317 1636 superbia
335 1583 386 1618 non
402 1565 494 1619 cadit„
521 1567 651 1635 Expertus
667 1585 703 1632 es,
717 1584 942 1636 unumquemque,
956 1566 1025 1636 quod

116 1635 174 1704 ipse
193 1637 344 1705 reppererit,
363 1647 408 1688 aut
427 1636 522 1688 solum⁶
539 1648 584 1689 aut
602 1641 730 1706 optimum
751 1637 857 1688 ducere.
894 1637 1024 1703 Magnum

115 1721 182 1757 onus
194 1706 307 1757 sustines
320 1705 416 1773 capite,
431 1723 521 1771 regum
541 1705 651 1773 insigne.
689 1705 744 1757 Hoc
762 1716 808 1757 ant
821 1705 955 1756 moderate
968 1722 1025 1775 per-

117 1773 255 1826 ferendum
274 1783 320 1840 est,
334 1782 387 1843 aut,
401 1773 470 1842 quod
482 1775 636 1842 abominor,⁰
648 1775 672 1826 in
694 1784 718 1826 te
739 1782 803 1825 ruet.
840 1774 960 1841 Consilio,
974 1791 1024 1826 non

116 1844 233 1912 impetu,
249 1860 315 1912 opus
339 1854 388 1894 est.
435 1842 534 1911 Adjicit
557 1842 661 1911 deinde,
687 1841 757 1911 qnod
780 1842 850 1910 apud
875 1842 1026 1895 Bactrianos

116 1912 195 1979 vulgo
224 1929 286 1963 usur
305 1912 392 1975 abant,
423 1929 517 1965 canem
548 1911 670 1964 timidum
700 1911 887 1962 vehementius
921 1909 1023 1979 latrare,

114 1998 197 2048 quam
227 1929 354 2048 mordere,
378 1981 508 2033 altissima
536 1996 656 2048 quaeque
686 1980 796 2032 flumina
824 1979 933 2031 minimo
964 1997 1027 2032 sono

116 2049 189 2102 labi.⁷
223 2049 298 2107 Quae
321 2049 427 2116 inserui,
448 2059 476 2101 ut
500 2048 690 2117 qualiscunque
711 2050 778 2100 inter
798 2048 923 2101 barbaros
942 2050 1025 2118 potuit

115 2135 177 2170 esse
197 2117 343 2187 prudentia,
364 2118 517 2171 traderetur.
554 2119 601 2170 His
623 2117 788 2176 audientium
813 2117 1026 2190 expectationem

116 2187 309 2255 suspenderat.⁸
343 2189 413 2240 'l'um
436 2188 576 2240 consilium
599 2188 690 2256 aperit,
716 2187 807 2239 utilius
830 2187 919 2255 Besso,
944 2205 1025 2256 quam

115 2257 224 2324 gratius.
260 2258 289 2310 ln
311 2256 449 2325 vestibulo,
465 2257 556 2326 inquit,
574 2257 661 2324 regiae
682 2266 743 2308 tuae
764 2256 947 2309 velocissimus
965 2274 1025 2308 con·

116 2324 184 2376 sistit
198 2342 251 2378 rex.
281 2329 351 2379 Ante
363 2325 408 2379 ille
420 2342 525 2394 agmen,
539 2344 618 2395 qnam
632 2335 660 2378 tu
672 2343 793 2378 mensam
807 2326 883 2377 istam
898 2325 1025 2378 movebis.

145 2446 153 2468 ¹
164 2439 202 2487 He
211 2455 295 2488 means
304 2440 344 2488 the
354 2441 369 2489 J
371 2451 474 2496 exartes,
484 2441 563 2489 which
572 2457 622 2488 was
632 2441 709 2489 called
716 2444 748 2500 hy
757 2440 1025 2504 Alexander'ssoldiers

115 2498 157 2547 the
169 2499 268 2551 Tanais.
282 2499 328 2547 and
339 2498 489 2547 confouuded
500 2501 558 2547 with
569 2500 621 2547 that
632 2501 695 2547 river
706 2501 755 2553 (the
768 2499 867 2547 modern
878 2499 948 2551 Don).

143 2562 154 2587 ²
166 2559 222 2605 ‘An
233 2559 401 2606 amusement.'
574 2589 576 2593 -

144 2621 153 2645 ²
167 2618 255 2665 ‘Since
266 2633 280 2665 s
290 2616 381 2678 danger
391 2617 497 2677 peculim
511 2627 537 2664 to
553 2617 704 2666 themselves.
717 2612 801 2664 swaiis
818 2616 887 2664 those
899 2617 954 2664 who
970 2618 1024 2678 give

115 2675 215 2724 advice!
248 2675 296 2724 For
307 2679 359 2732 ribi,
369 2679 410 2724 the
421 2693 487 2724 more
498 2687 589 2724 correct
617 2692 708 2724 rononn
720 2675 800 2724 would
812 2678 841 2723 be
853 2679 919 2738 ipris.
952 2677 1024 2724 Some

115 2735 194 2806 words
205 2750 293 2806 appear
303 2746 328 2784 to
338 2736 399 2783 huve
410 2736 515 2808 dropped
526 2743 568 2793 out
579 2693 639 2784 uider
646 2737 723 2789 these.
735 2735 794 2804 such
806 2751 832 2783 as
843 2736 941 2804 oBesso
951 2738 1026 2784 dicere

113 2794 1024 2914 tttttttttttltlttttttttte.Tlttt‘tttlttla'et‘ltttltf
1050 2853 1053 2860 ·

114 2912 153 2959 He
164 2912 220 2959 who
230 2912 274 2960 has
285 2912 326 2959 the
338 2929 383 2972 eup
394 2913 490 2972 speaks.

142 2970 319 3019 “Consused.’
353 3005 355 3009 «
668 3000 670 3005 -

143 3037 152 3061 ·
162 3029 228 3077 Thst
240 3030 269 3087 is,
282 3031 336 3078 ‘the
346 3033 404 3100 only
414 3031 483 3092 thing
493 3031 573 3079 which
584 3047 629 3078 can
640 3032 670 3078 be
680 3031 759 3079 done!

142 3094 151 3118 ⁸
163 3090 186 3135 A
196 3089 277 3137 clause
287 3090 380 3137 thrown
388 3107 411 3137 rn
419 3107 445 3138 as
454 3090 493 3138 the
502 3091 641 3148 expression
650 3089 678 3136 os
685 3105 715 3136 an
723 3099 818 3137 eumest
827 3089 888 3136 wish
897 3089 950 3137 thet
958 3088 1023 3136 what

114 3147 145 3195 he
156 3147 177 3195 is
193 3149 311 3208 speaking
326 3149 354 3196 os
366 3164 421 3209 may
433 3161 473 3197 not
485 3150 542 3196 take
553 3149 634 3207 place:
651 3149 798 3207 equivalent,
811 3165 839 3196 us
849 3149 881 3196 its
891 3148 1024 3195 derivation

113 3205 204 3261 shows,
219 3218 243 3254 to
253 3210 312 3255 obsit
323 3226 395 3263 omen,
408 3213 469 3276 quod
479 3208 511 3255 Jn
545 3210 589 3254 iter
598 3225 663 3256 omen
673 3217 771 3256 auertat.

143 3270 151 3292 ¹
164 3266 236 3313 ‘The
249 3267 337 3325 deeper
348 3267 389 3314 the
400 3283 470 3323 river,
484 3277 526 3314 wrt
560 3267 601 3314 the
618 3268 666 3315 less
682 3266 760 3314 souud
770 3266 829 3315 does
840 3266 858 3312 it
869 3264 942 3312 flowss
976 3264 1023 3312 See

113 3323 216 3453 Zlulsst}
226 3325 387 3454 lhlslslel’dords
398 3384 428 3433 he
440 3384 488 3434 had
499 3384 599 3435 excited
608 3384 654 3435 the
662 3382 828 3446 expectationi
835 3363 1015 3428 affixam

109 3457 148 3488 eos
156 3456 198 3501 qur
207 3433 334 3491 audiebant
344 3461 476 3509 suspensos
489 3449 596 3498 tenebat.
