2274 3772
480 192 574 252 urana
593 193 657 235 rrrr.
963 179 1023 234 m

114 305 202 373 armis,
216 302 368 357 transibant.
404 301 445 356 lbi
465 300 537 354 levia
556 301 655 370 proelia
672 301 897 371 conserebantur,¹
908 310 936 356 et
952 310 1023 356 uter·

113 390 167 443 que
187 390 234 426 rex
253 389 350 443 parvae
370 371 409 425 rei
426 370 578 423 discrimine
598 387 722 424 summae
742 371 927 441 experiebatur
943 389 1024 425 even·

114 453 180 495 turn.
223 443 348 496 Ceterum
371 442 398 494 in
420 438 602 493 Macedonum
626 441 745 494 exercitu
772 441 920 494 temeritate
943 452 1024 510 atque

114 511 225 565 audacia
253 510 371 579 insignes
398 509 473 563 fuere
503 508 681 579 Symmachus
709 519 737 562 et
767 511 889 579 Nicanor,
921 511 1024 564 nobiles

113 580 231 650 juvenes,
244 591 271 633 et
283 589 411 650 perpetua
422 579 536 648 partium
549 578 678 631 felicitate
695 578 739 631 ad.
749 581 928 649 spernendum
944 597 1024 633 omne

149 650 262 703 ticulum
286 649 402 702 accensi.
446 647 513 707 Quis
536 648 659 702 ducibus⁹
681 649 869 718 promptissimi
893 649 1024 720 juvenum

123 720 214 772 anceis
231 718 309 772 modo
326 716 422 770 annati
441 727 612 770 transnavere
630 718 655 770 in
668 718 791 787 insulam,
804 734 885 786 quam
898 720 1025 787 frequens

114 789 197 841 bostis
217 788 340 854 tenebat3
366 785 517 854 multosque
537 787 669 856 Indorum,
689 787 809 847 nullate
828 788 1024 857 meliusquam

113 859 225 910 audacia
245 858 346 924 armati,
369 857 567 909 interemerunt.
601 856 684 909 Abire
706 872 769 909 cum
792 855 873 925 gloria
896 866 1023 927 poterant,

113 928 135 979 si
148 944 265 996 unquam
279 925 414 978 temeritas
425 925 492 978 felix
502 925 632 978 inveniret
643 925 754 979 modurn
761 941 770 994 3
788 925 835 978 sed
852 925 916 979 dum
935 944 1024 996 super·

114 999 254 1048 venientes
270 994 445 1064 contemptim
462 1003 489 1046 et
507 994 622 1064 superbe
634 1011 738 1064 quoque
751 1011 785 1047 ex
821 1003 901 1065 etant,
913 996 1025 1049 circum·

113 1066 187 1117 venti
204 1065 239 1117 ab
257 1064 305 1133 his,
318 1064 363 1132 qui
374 1065 470 1117 occulti
482 1071 633 1133 euaserant,
646 1065 753 1118 eminus
769 1080 784 1115 o
805 1064 855 1117 ruti
876 1065 936 1118 telis
954 1074 1024 1118 sunt.

113 1134 165 1193 Qui
185 1133 333 1201 effugerant
356 1132 461 1186 hostem
483 1142 529 1186 aut
553 1133 654 1202 impetu
677 1133 766 1186 amnis
788 1132 871 1189 ablati
891 1142 959 1203 sunt,
977 1143 1024 1187 aut

113 1203 260 1255 verticibus
271 1201 399 1272 impliciti.
537 1256 540 1260 ,

148 1278 190 1324 46.
210 1273 303 1340 anue
328 1287 416 1340 pugna
442 1271 556 1325 multum
580 1271 640 1337 Pori
663 1270 790 1324 fiduciam
814 1272 906 1342 erexit,
929 1281 1026 1325 cuncta

114 1342 246 1394 cernentis
260 1358 279 1397 ‚e
298 1341 362 1410 ripa.
398 1340 559 1410 Alexander,
580 1342 655 1410 inops
672 1341 794 1411 consilii,³
805 1341 914 1394 tandem
929 1341 964 1394 ad
976 1341 1025 1393 sal·

114 1410 222 1463 lendum
251 1409 356 1463 hostem
385 1409 465 1463 talem
494 1410 585 1464 dolum
614 1410 747 1463 intendit.⁴
789 1412 853 1465 Erat
882 1410 968 1464 insula
997 1411 1024 1464 in

114 1480 223 1532 flumine
236 1479 348 1548 amplior
360 1478 463 1548 ceteris,
477 1479 605 1533 silvestris
621 1480 719 1536 eudem
736 1487 763 1532 et
782 1480 904 1549 tegendis
921 1479 1025 1534 insidiis

113 1558 181 1618 apta
220 1549 302 1602 Fossa
314 1565 419 1618 quoque
431 1548 547 1618 praealta
559 1548 630 1602 haud
643 1547 733 1619 procul
746 1549 809 1619 ripa,
822 1567 904 1619 quarn
917 1550 1025 1604 tenebat

113 1621 178 1688 ipae,
197 1636 247 1670 non
268 1618 372 1688 pedites
390 1618 477 1688 modo,
496 1618 543 1671 sed
562 1618 646 1671 etiam
665 1635 728 1671 cum
747 1619 824 1689 equis
835 1620 905 1674 viros
922 1628 1024 1689 poterat

112 1687 285 1741 abscondere.
325 1687 407 1756 Igitur
419 1695 448 1740 ut
459 1705 476 1741 a
486 1687 608 1741 custodia
619 1686 700 1757 hujus
711 1689 923 1758 opportunitatis⁶
933 1689 1025 1741 oculos

112 1756 227 1810 hostium
247 1764 386 1824 averteret,
405 1756 589 1810 Ptolemaeum
606 1759 730 1810 omnibus
749 1758 843 1811 turmis
860 1757 1025 1827 obequitare⁸

110 1826 189 1896 jussit
208 1826 300 1896 procul
318 1825 412 1895 insula,
425 1836 452 1878 et
471 1826 585 1880 subinde
603 1825 683 1879 Indos
699 1825 815 1879 clamore
828 1835 933 1896 terrere,
947 1827 1024 1896 quasi

112 1896 214 1948 flumen
232 1904 414 1948 transnaturus
430 1894 506 1948 foret.
542 1895 594 1947 Per
610 1894 760 1963 complures
777 1896 837 1948 dies
853 1895 1025 1949 Ptolemaeus

112 1965 138 2018 id
152 1965 223 2032 facit,
236 1979 322 2033 eoque
339 1962 447 2017 oonsilio
464 1964 561 2017 Porum
574 1979 680 2032 quoque
692 1980 790 2030 agmen
808 1981 886 2017 suurn
904 1964 930 2016 ei
947 1964 1023 2034 parti,

113 2051 192 2103 quam
210 2049 240 2084 se
258 2041 349 2103 petere
362 2031 511 2102 simulabat,
524 2032 611 2100 coegit
623 2031 769 2085 advertere.
805 2034 866 2086 Jam
878 2041 952 2086 extra
963 2050 1024 2086 con·-

112 2111 235 2173 speetum
246 2101 329 2155 hostis
341 2101 428 2155 insula
439 2110 505 2154 erat.
540 2100 694 2154 Alexander
707 2101 734 2154 iu
745 2101 851 2155 diversa
863 2110 937 2182 parte
950 2103 1023 2171 ripae

112 2172 192 2224 statui
204 2187 284 2224 suurn
296 2170 496 2225 tabernaculum
507 2169 593 2241 jussit,
602 2179 790 2241 assuetumque
803 2171 923 2224 cumrtari
934 2174 1023 2241 ipsum

111 2242 248 2293 cohortem
264 2249 326 2293 ante
345 2239 373 2294 id
391 2240 592 2294 tabernaculum
604 2249 682 2310 stare,
695 2249 722 2293 et
739 2257 847 2294 omnem
865 2251 1023 2311 apparatum

112 2311 200 2378 regiae
224 2310 439 2377 magnificentiae
462 2310 683 2363 hostium'oculis
701 2309 735 2362 de
759 2310 887 2363 industria
909 2311 1022 2363 ostendi.

112 2379 232 2432 Attalum
245 2380 335 2448 etiarn,
346 2378 490 2448 aequalem
502 2379 560 2446 sibi,
573 2386 600 2431 et
618 2378 690 2432 haud
709 2379 841 2448 disparem
861 2378 953 2432 habitu
971 2380 1024 2432 oris

112 2458 139 2501 et
151 2449 272 2527 corporis,
286 2449 376 2517 utique
391 2466 454 2501 curn
472 2449 562 2517 procul
574 2449 709 2516 viseretur,
722 2458 799 2501 reste
816 2448 888 2516 regia
906 2457 1021 2517 exornat,

112 2517 292 2587 praebiturum
303 2517 423 2587 speciem
435 2518 522 2586 ipsum
534 2534 624 2585 regem
643 2517 682 2569 illi
701 2517 774 2586 ripae
789 2516 961 2586 praesidere,⁷
972 2534 1023 2570 nec

111 2587 212 2656 agitare
232 2587 268 2640 de
287 2586 406 2640 transitu.
442 2585 528 2656 Hujus
547 2585 648 2640 consilii
667 2586 795 2639 effectum
818 2586 901 2655 primo
921 2595 1023 2640 morata

112 2664 259 2724 tempestas
277 2664 326 2726 est,
345 2673 408 2710 mox
426 2655 537 2726 adjuvit,
558 2655 727 2709 incommoda
746 2671 851 2725 quoque
877 2655 912 2708 ad
937 2655 1020 2710 bonos

140 2793 147 2815 ¹
161 2791 167 2813 ⁴
177 2787 326 2836 Slrirmishes
337 2802 401 2835 were
412 2786 522 2893 engaged
533 2786 574 2834 in.’
611 2817 615 2822 -

139 2851 149 2876 ⁸
161 2845 247 2894 ‘With
257 2846 327 2894 these
338 2855 362 2894 at
373 2846 436 2894 their
463 2846 525 2894 ead!

138 2909 147 2934 ³
160 2904 310 2974 ‘Possessed
318 2904 384 2974 ofno
392 2904 448 2965 plan
456 2906 472 2963 ;'
480 2905 576 2974 thetis,
586 2903 673 2952 behad
684 2904 741 2973 long
752 2905 813 2952 been
822 2904 909 2953 unable
918 2915 944 2954 to
952 2921 1021 2955 como

110 2963 1020 3085 ²⁰⁴⁸1¹tlttt¹tt¹tttttttt,'ttt'ttttttttttlttrttttttttttlutt

110 3083 139 3130 lu
150 3083 191 3130 tbe
202 3098 270 3131 same
281 3097 381 3130 manner
391 3085 445 3138 iter,
458 3085 541 3130 bellam
552 3084 680 3129 intendere.

139 3149 148 3173 ⁸
160 3141 284 3190 ‘Suitable
296 3157 322 3190 cr
333 3141 475 3189 convenient
486 3141 677 3189 circumstance.¹

138 3206 147 3232 ⁸
160 3206 166 3228 ⁴
176 3201 215 3249 To
225 3201 276 3249 ride
287 3201 359 3262 along
369 3200 411 3248 the
422 3200 488 3248 bank
499 3199 527 3247 ol
541 3199 582 3247 the
598 3199 669 3255 river,
683 3200 743 3248 with
753 3200 787 3249 all
797 3200 839 3249 the
849 3209 930 3258 troops
940 3199 969 3246 of
980 3215 1019 3248 ea·

109 3259 186 3329 vairp,
200 3260 353 3329 threatening
364 3260 406 3307 the
415 3259 520 3319 enemy!
547 3259 602 3327 Tbe
611 3258 711 3327 ideasof
721 3260 826 3320 ‘along'
839 3258 886 3308 end
898 3259 1020 3319 ‘against'

109 3319 259 3426 prignprlplied
270 3334 294 3367 rn
304 3321 338 3367 ob.
369 3319 407 3366 As
419 3328 444 3366 to
455 3318 497 3366 tbe
507 3317 613 3373 ablativo
624 3317 719 3395 instead
729 3318 757 3368 ol
767 3335 827 3376 eum,
840 3331 955 3393 compara
965 3326 1029 3363 note

138 3441 145 3465 ¹
158 3441 165 3463 ‘
174 3436 235 3485 Wes
244 3437 381 3500 oocupying
391 3436 445 3489 that
456 3447 512 3501 part
523 3437 551 3489 ol
560 3437 605 3490 tbe
612 3436 701 3488 bank?
