2274 3772
489 200 581 240 maan
600 200 643 240 rx.
960 182 1020 240 eto

111 310 231 364 amnium
248 311 348 362 coetus¹
367 308 508 361 maritimis
527 308 630 362 similes
646 307 742 359 fluctus
761 315 865 375 movst;
883 306 1020 376 multoque

111 396 144 432 ac
161 378 263 432 turbido
281 380 351 448 limo,
369 378 440 447 quod
457 394 586 446 aquarum
607 393 736 428 concursu
756 376 869 429 subinde
890 377 1017 445 turbatur,

112 449 168 518 iter,
181 465 234 516 qua
245 458 335 501 ineant
348 448 459 516 navigia,
473 447 499 499 in
519 454 628 499 tenuem
644 445 750 497 alveuin
769 446 890 513 cogitur.²
925 447 1019 514 ltaque

112 534 174 571 cum
192 518 278 570 crebri
298 518 395 570 fluctus
418 532 447 568 se
471 515 633 581 inveherent,
654 524 681 566 et
704 514 812 568 naviuin
836 515 898 569 binc
920 530 1010 586 proras

112 586 174 640 hino
186 586 268 639 latera
280 586 421 656 pulsarent,
435 583 593 637 subduoeie³
604 592 699 636 naulae
708 583 768 635 vela
780 594 931 655 coeperunt.
968 552 1019 636 Seri

111 656 260 709 ministeria
277 672 368 708 eorum
386 653 448 707 hino
465 662 547 722 metu,
561 653 623 706 hinc
641 669 733 721 praem
752 651 796 705 ida
813 653 951 707 celeritate
970 653 1019 705 ilu-
1094 667 1099 678 ·

111 727 215 778 minum
227 725 408 794 occupantur.⁴
444 723 473 776 In
491 723 576 776 oculis
593 722 712 775 omnium
730 669 783 774 ino
800 723 902 792 majora
914 722 1020 790 navigia

112 795 252 848 submersa
268 803 328 846 sunt
336 810 344 862 3
362 793 468 862 leviora,
481 809 544 845 cum
556 802 583 845 et
600 793 657 860 ipsa
668 791 807 859 nequirent
821 794 882 861 regi,
896 793 921 845 iri
936 793 1020 862 ripam

112 873 201 917 tamen
215 863 320 916 innoxia
332 862 441 933 expulsa
453 870 521 914 sunt.
547 863 606 931 lpse
620 877 665 913 rex
677 860 701 912 in
715 859 895 928 rapidissimos
906 864 1020 914 vertices

113 933 221 986 incidit:
247 932 343 1001 quibus
365 935 460 983 intorta
479 932 555 983 navis
574 930 681 998 obliqua
700 938 727 982 et
746 929 916 997 gubernaculi
938 931 1020 1000 impa-

114 1003 181 1055 tiens
198 1001 333 1068 agebatur.
369 1002 428 1054 Jam
442 1009 544 1052 vestem
563 998 712 1052 detraxerat
730 999 838 1068 corpori,
857 1000 1020 1069 pro'eoturus

112 1081 198 1124 semet
217 1072 242 1122 in
262 1071 369 1139 flumen,
382 1070 524 1139 amicique,
537 1077 566 1121 ut
584 1069 737 1137 exciperent
755 1084 824 1138 eum,
839 1017 911 1122 bauti
928 1068 1019 1139 procul

112 1140 218 1208 trabant,
235 1139 432 1209 apparebatque
449 1155 548 1206 anceps
567 1137 714 1207 periculum
732 1145 787 1190 tam
806 1139 925 1207 nataturi,
938 1155 1018 1207 quain

112 1210 240 1277 navigare
264 1208 466 1278 perseverantis.
502 1208 571 1275 Ergo
595 1206 693 1275 ingenti
717 1209 863 1259 certamine
886 1208 1019 1260 concitant

113 1295 207 1347 remos,
226 1286 378 1347 quantaque
395 1277 438 1329 vis
458 1276 575 1330 humana
593 1293 652 1329 esse
676 1285 777 1345 poterat
796 1276 903 1329 admota
922 1285 970 1344 est,
990 1285 1019 1330 ut

112 1347 218 1417 fluctus,
231 1347 277 1417 qui
296 1364 325 1414 se
345 1346 504 1400 invehebant
532 1347 768 1398 everberarentur.⁶
802 1345 879 1398 Findi
896 1345 1021 1398 crederes

110 1416 203 1485 undas,
217 1426 244 1468 et
258 1427 324 1469 retro
335 1416 452 1484 gurgites
463 1386 567 1468 cedere.
603 1414 707 1474 Quibus
719 1413 825 1468 tandein
836 1415 911 1468 navls
919 1423 1018 1485 crepta,

111 1502 161 1538 non
183 1495 273 1538 tamen
293 1486 365 1554 ripae
384 1485 538 1555 applicatur,
558 1485 605 1536 sed
631 1485 658 1536 in
683 1484 831 1552 proximum
850 1484 948 1537 vadum
969 1484 1018 1536 illi·

111 1554 188 1607 ditur.
224 1556 290 1608 Cuin
311 1554 394 1607 amni⁶
413 1554 512 1608 bellum
532 1554 616 1608 fuisse
635 1553 767 1606 crederes.
803 1554 872 1621 Ergo
896 1555 949 1606 aiis
972 1569 1020 1622 pro

111 1641 224 1703 numero¹
244 1624 386 1678 fluminum
408 1624 509 1694 positis,
531 1624 711 1692 sacrificioque
736 1622 814 1692 facto,
835 1624 906 1676 XXX
931 1623 1018 1676 stadia

111 1703 271 1816 Ρωιοδῗειῑξᾶο
282 1772 392 1815 ventum
405 1771 445 1814 est
457 1761 485 1816 in
497 1750 630 1830 regionem
649 1761 845 1830 Oxydracarum
864 1761 1018 1814 Mallorum-

110 1849 170 1900 que,
183 1848 249 1899 quos
265 1830 332 1883 alias
349 1831 447 1884 bellare
463 1833 530 1884 inter
542 1843 571 1882 se
590 1830 679 1882 solitos
696 1838 758 1882 tunc
768 1830 885 1949 periculi
904 1831 1019 1882 societas

109 1901 237 1968 junxerat.
281 1899 532 1968 Nonagiirta'milia
567 1899 697 1968 juniorum
733 1915 766 1967 pe
786 1898 854 1951 itum
883 1900 909 1950 in
938 1899 1019 1951 arinis

110 1978 192 2036 erant,
205 1978 309 2038 praeter
322 1967 370 2021 hos
382 1968 501 2038 equiturn
515 1969 539 2020 X
550 1967 632 2034 milia,
646 1976 847 2035 nongentaeque
859 1966 1017 2035 quadrigae.

111 2040 146 2090 At
164 2037 335 2106 Macedones,
354 2038 400 2106 qui
419 2037 490 2090 omni
508 2034 733 2104 discriminefjam
752 2035 892 2088 defunctos
909 2054 938 2088 se
958 2052 1019 2088 esse

110 2105 283 2174 crediderant,
308 2117 446 2176 postquam
476 2109 606 2174 integrum
635 2104 736 2158 bellurn
765 2121 826 2158 cuni
849 2104 1019 2158 ferocissimis

111 2174 202 2228 Indiae
221 2176 345 2244 gentibus
362 2192 500 2246 superesse
517 2183 702 2244 cognoverunt,
717 2174 857 2244 improviso
875 2183 950 2228 metu
969 2184 1018 2226 ter·

88 2250 91 2255 '
112 2245 161 2314 riti,
184 2262 273 2299 rursus
299 2245 429 2299 seditiosis
452 2244 562 2299 vocibus
584 2261 676 2312 regem
699 2243 1017 2314 irrorepare‘coepeiunt:

112 2376 222 2436 junction
233 2375 261 2423 cs
275 2375 316 2443 the
334 2343 584 2444 Hydaspes-tviththe
595 2343 782 2429 Acesinesiand
798 2342 880 2443 not—iit
895 2342 1018 2442 the—point

111 2433 1018 2560 tlt?&inutilitatilllltlltltl‘'tratti“tltttllrlltttlt:

111 2550 165 2599 ther
185 2551 256 2621 down
279 2567 311 2599 ori
334 2552 375 2600 tlie
400 2551 484 2610 indus,
504 2553 547 2600 but
570 2553 680 2599 between
702 2551 743 2598 the
764 2552 884 2598 Acesines
906 2550 953 2599 and
977 2551 1018 2599 the

112 2611 341 2751 Hiffrgtiiiiliienop!
373 2669 421 2741 We
443 2669 538 2754 usqally
556 2667 701 2736 distinguisb
720 2670 834 2736 between
853 2677 939 2723 marta,
962 2668 1018 2717 ‘the

111 2729 212 2837 illinis
224 2744 306 2843 llll:
319 2729 635 2856 ttlttlftitlittitss
648 2726 896 2854 tltlttttlltlt
911 2737 974 2776 ’Μ
989 2727 1018 2779 ‘³‘

124 2851 149 2915 β
161 2845 215 2905 ‘By
227 2847 266 2893 the
278 2856 345 2914 great
356 2859 465 2907 quantity
477 2846 504 2893 ol
516 2845 664 2914 mudlwhich
675 2860 696 2892 is
710 2845 798 2914 turned
814 2844 913 2914 upqnntl·
929 2861 956 2895 es
968 2846 1017 2914 ⁸the

111 2907 254 2973 rivers'rush
265 2905 381 2973 iuriously
392 2906 511 2974 together,
524 2904 614 2952 carried
629 2914 770 2952 sometimes
786 2904 875 2973 tntbis
891 2904 1015 2961 direction,

111 2963 361 3073 ffigqnqqqqqetppt,
373 2964 414 3013 the
425 2963 552 3024 navigable
563 2973 615 3022 part
625 2962 654 3010 oi
661 2962 701 3011 tho
713 2974 803 3013 stream
813 2978 834 3012 is
844 2963 955 3012 confined
966 2972 992 3010 to
1003 2978 1018 3011 s

160 3087 166 3109 g
294 3082 298 3090 ¹
327 3082 333 3103 i

139 3087 148 3170 ἰ
160 3082 434 3201 ‘iiiiiiiii'rsvsnted
442 3140 502 3189 sicin
511 3140 640 3207 executing
648 3138 930 3199 tbeirparticulardaties
936 3137 1017 3206 partly

111 3202 144 3308 bip
154 3201 216 3248 their
227 3209 377 3267 ownterror‚
390 3199 469 3259 partly
480 3202 511 3260 by
523 3199 565 3246 the
576 3210 712 3258 impetuous
723 3198 826 3267 rapidity
837 3197 866 3246 os
872 3197 914 3245 the
922 3198 1015 3247 τινοῐι.ν

136 3259 182 3308 bus
193 3269 253 3307 metu
262 3274 332 3365 ques
342 3274 356 3305 a
367 3257 429 3319 good
440 3274 520 3327 sense,
534 3259 576 3306 bnt
588 3258 628 3305 the
639 3266 799 3326 manuscripts
810 3255 866 3304 read
875 3265 948 3304 costa

139 3325 148 3350 ¹
160 3318 241 3367 ‘That
252 3328 261 3365 t
279 3333 292 3365 e
304 3316 398 3365 billcws
410 3316 489 3365 wbtoh
500 3331 568 3364 came
578 3315 679 3378 rusbmg
688 3331 720 3365 on
730 3314 807 3376 might
818 3316 848 3362 be
859 3313 1028 3362 suimcmsik

110 3378 143 3437 by
152 3392 168 3425 a
176 3378 289 3438 vigemus
300 3391 343 3424 uso
353 3375 382 3424 ol
388 3376 429 3424 the
440 3377 511 3425 cars!

137 3435 343 3494 ‘aimbersorm
355 3445 399 3487 not
410 3450 439 3487 so
447 3434 712 3494 semihominem.
731 3419 1068 3480 acs'tsmmaatw·
