2274 3772
147 196 206 250 2³6
415 214 455 252 nu
479 213 586 252 ousrrs
609 213 792 253 asaxannar.

147 319 265 373 habuere
277 321 375 391 posteri
388 339 472 390 reges,
486 339 596 391 quorum
617 321 740 390 stirpibus
760 330 817 391 post
836 321 936 374 multas
954 333 1062 378 aetates

145 389 256 444 Romani
282 409 346 459 opes
373 392 538 445 ademerunt.
582 390 664 458 Igitur
688 391 851 459 Hermolaus,
877 408 942 460 puer
961 393 1061 446 nobilis

146 475 179 510 ex
204 463 276 527 regia
300 461 413 528 cohorte,
439 479 502 512 cum
525 478 617 529 aprum
643 460 694 511 telo
718 470 880 529 occupasset,
902 477 984 528 quem
1012 479 1061 516 rex

145 527 223 580 ferire
237 531 421 597 destinaverat,
434 530 506 598 jussu
520 530 578 598 ejus
591 529 745 582 verberibus
756 530 870 582 affectus
882 539 930 581 est.
967 531 1060 589 Quam

145 597 317 664 ignominiam
329 617 408 668 aegre
423 600 510 650 serens
522 599 621 650 deflete
634 599 703 666 apud
722 599 865 651 Sostratum
880 600 975 668 coepit.
1013 603 1060 655 Ex

145 667 239 719 eadem
257 668 363 721 cohorte
381 677 436 720 erat
456 669 593 736 Sostratus,
606 684 696 720 amore
714 668 771 737 ejus
788 670 892 721 ardens.
928 670 979 726 Qui
992 687 1057 724 eum

145 735 290 789 laceratum
310 754 411 807 corpus,
427 739 450 789 in
464 755 515 806 quo
528 736 683 806 deperibat,¹
698 739 849 806 intueretur,
863 737 969 790 forsitan
989 740 1058 793 olim

144 805 179 859 ob
193 806 272 858 aliam
286 823 391 876 quoque
405 825 514 859 causam
534 808 587 874 regi
608 806 728 876 infestus,
741 806 869 876 juvenum
891 825 939 858 sua
959 821 1057 875 sponte

141 871 197 943 jam
221 886 330 944 motum,
356 877 418 927 data
441 877 494 928 fule
524 885 687 944 acceptaque
718 877 837 945 perpulit,
863 886 890 928 ut
913 877 1058 931 occidendi

144 960 233 1011 regern
258 946 397 998 consilium
423 963 515 998 secum
540 946 625 997 iniret.
669 946 727 997 Nec
751 945 844 1014 puerili
869 946 969 1014 impetu
997 964 1056 1000 rem

79 1053 85 1066 r
142 1015 249 1066 executi
270 1026 345 1067 sunt:
367 1016 465 1084 quippe
484 1015 612 1067 sollerter²
624 1014 750 1084 legerunt,
765 1033 830 1084 quos
850 1015 875 1066 in
896 1017 1056 1068 societatem

142 1083 251 1136 sceleris
273 1087 440 1136 asciscerent.
484 1085 671 1151 Nicostratum,
692 1086 860 1153 Antipatrum
883 1085 1055 1153 Asclepiodo-

142 1167 253 1221 rumque
274 1168 301 1205 et
322 1153 452 1206 Philotam
476 1153 575 1222 placuit
596 1154 713 1204 assumi:
740 1171 786 1222 per
804 1153 853 1206 hos
872 1154 969 1222 adjecti
992 1166 1054 1207 suut
1094 1158 1099 1171 '

142 1223 271 1292 Anticles,
297 1224 451 1293 Elaptonius
475 1232 501 1274 et
526 1223 679 1291 Epimenes.
722 1224 845 1275 Ceterum
869 1224 990 1291 agendae
1016 1227 1055 1277 rei

89 1353 91 1356 v
142 1289 213 1346 haud
241 1310 305 1346 sane
328 1293 546 1360 facilis'patebat
568 1292 617 1343 via.
661 1293 734 1360 Opus
756 1303 812 1344 erat
838 1293 934 1345 eadem
957 1311 1054 1346 omues

141 1360 290 1429 conjuratos
302 1370 378 1415 nocte
391 1362 530 1430 excubare,
545 1379 577 1413 ne
596 1361 630 1413 ab
648 1361 799 1430 expertibus
817 1361 919 1414 consilii
938 1363 1053 1431 impedi-

142 1439 244 1498 rentur,
266 1431 331 1483 sorte
351 1442 441 1482 autern
462 1430 531 1482 alius
550 1431 601 1490 alia
621 1440 697 1482 nocte
716 1431 874 1483 excubabat
910 1432 1005 1499 Itaque
1026 1433 1053 1485 in

140 1499 322 1565 permutandis
335 1501 476 1553 stationum
489 1500 602 1552 vicibus³
614 1509 754 1568 ceteroque
772 1508 899 1569 apparatu
917 1518 1052 1570 exequen-

139 1565 191 1618 dae
205 1569 241 1619 rei
254 1569 358 1635 triginta
371 1577 397 1620 et
410 1568 461 1620 duo
474 1569 531 1621 dies
542 1569 678 1637 absumpti
691 1577 759 1621 sunt.

175 1641 216 1686 22.
236 1637 335 1689 Aderat
353 1655 411 1706 nox,
428 1655 480 1706 qua
498 1637 625 1706 conjurati
644 1639 777 1690 excubare
795 1638 936 1707 debebant,
956 1649 1053 1694 mutua

139 1705 193 1758 fide
217 1706 288 1774 laeti,
310 1707 385 1776 cujus
409 1707 597 1761 documentum
622 1716 659 1758 tot
680 1707 737 1760 dies
757 1707 868 1758 fuerant.
905 1710 1053 1764 Neminem

139 1786 228 1828 metus
246 1793 340 1845 spesve
359 1786 521 1829 mutaverat:
548 1785 620 1828 tanta
642 1777 766 1829 omnibus
785 1776 872 1828 velia
891 1795 979 1846 regem
1002 1779 1050 1847 ira,

138 1846 193 1897 vel⁴
204 1845 272 1898 fides
284 1846 352 1898 inter
364 1847 433 1914 ipsos
440 1846 502 1899 luit.
539 1845 647 1899 Stabant
666 1846 745 1913 igitur
755 1846 789 1898 ad
803 1847 871 1897 fores
888 1848 963 1899 aedis
982 1849 1050 1916 ejus,

138 1915 165 1966 in
185 1933 238 1984 qua
260 1934 304 1968 rex
323 1917 488 1985 vescebatur,
505 1924 534 1968 ut
555 1915 675 1967 convivio
695 1933 832 1983 egressum
851 1916 876 1967 in
897 1916 1052 1971 cubiculum

138 1984 307 2037 deducerent.
344 1986 395 2038 Sed
409 1985 512 2038 fortuna
532 1986 614 2055 ipsius
633 1985 765 2053 simulque
783 1985 946 2053 epulantium
967 1989 1051 2039 comi-

138 2055 188 2104 tas⁶
200 2056 317 2121 provexit
336 2072 429 2107 omnes
441 2056 474 2107 ed
488 2055 584 2123 largius
596 2055 704 2123 vinum,
723 2054 776 2106 ludi
795 2055 877 2106 etiam
897 2057 1052 2108 convivales

138 2131 275 2174 extraxere
294 2134 407 2192 tempus,
422 2142 491 2177 nunc
511 2123 670 2176 laetantibus
688 2123 837 2193 conjuratis,
851 2124 919 2193 quod
934 2127 1051 2193 sopitum

136 2194 285 2258 aggressuri
298 2200 394 2260 essent,
409 2210 479 2245 nunc
497 2194 622 2261 sollicitis,
636 2210 669 2243 ne
683 2195 708 2245 in
727 2194 815 2245 lucem
835 2194 982 2247 convivium
1005 2213 1051 2248 ex-

137 2261 261 2312 traheret.
298 2262 400 2330 Quippe
423 2262 489 2314 alios
512 2264 539 2314 in
563 2261 702 2314 stationem
723 2262 859 2331 oportebat
883 2264 967 2332 prima
989 2264 1050 2317 luce

137 2331 290 2400 succedere,
308 2332 421 2399 ipsorum
441 2343 499 2401 post
519 2333 662 2401 septimum
682 2333 755 2384 diem
769 2332 884 2384 reditura
903 2334 977 2384 vice:
1001 2353 1051 2388 nec

137 2416 242 2468 sperare
255 2408 381 2470 poterant,
395 2401 420 2454 in
440 2401 503 2454 illud
523 2409 629 2470 tempus
646 2401 769 2454 omnibus
786 2401 937 2454 duraturam
955 2403 1049 2456 fidem.

137 2470 261 2523 Ceterum
282 2490 342 2524 cum
362 2470 417 2540 jam
438 2471 482 2524 lux
505 2480 649 2541 appeteret,
668 2481 694 2523 et
715 2471 865 2524 convivium
888 2471 1004 2541 solvitur,
1023 2483 1050 2526 et

136 2541 264 2593 con'urati
291 2549 451 2609 exceperunt
481 2559 579 2608 regem,
604 2541 668 2592 laeti
697 2541 865 2593 occasionem
897 2542 1049 2609 exequendi

136 2625 180 2659 sce
193 2611 244 2661 eris
263 2612 396 2663 admotam
407 2611 424 2677 3⁶
444 2628 505 2662 curn
527 2611 622 2662 mulier
640 2611 774 2678 attonitae,
797 2619 825 2661 ut
846 2610 977 2662 creditum
998 2622 1048 2681 est,

135 2679 251 2747 mentis,⁷
269 2682 417 2732 conversari
436 2681 463 2732 in
484 2681 555 2748 regia
574 2679 657 2747 solita,
671 2681 733 2748 quia
753 2679 890 2732 instinctu8
907 2681 1050 2733 videbatur

134 2747 223 2799 futura
247 2751 408 2817 praedicere,
433 2767 484 2801 non
508 2750 620 2801 occurrit
638 2750 721 2805 ,modo
750 2749 866 2818 abeunti,
892 2749 940 2801 sed
964 2750 1049 2804 etiam

409 2835 1045 2842 ---———-———————--—

163 2866 171 2887 ²
184 2860 269 2907 ‘With
280 2862 360 2909 whom
370 2863 400 2910 he
413 2879 462 2909 was
473 2863 498 2909 in
509 2862 579 2909 love!
612 2862 724 2923 Deperire
735 2863 754 2909 is
766 2862 895 2922 ordinarily
906 2865 1047 2920 construed‚

122 2950 124 2957 ·
134 2918 183 2967 like
194 2937 279 2973 amare,
289 2920 348 2968 with
358 2921 398 2968 the
408 2922 558 2977 accusative;
576 2923 619 2968 but
631 2922 697 2976 here,
710 2922 734 2967 in
743 2921 783 2968 the
793 2937 859 2969 same
867 2937 922 2981 wey
930 2938 956 2970 as
963 2927 1050 2972 ardere

133 2979 180 3026 and
191 2980 230 3026 uri
241 2978 264 3024 in
276 2979 322 3026 this
335 2995 414 3034 sense,
428 2981 487 3027 with
499 2983 525 3027 in
536 2980 582 3028 und
594 2981 634 3026 the
646 2980 757 3028 ablativa.

161 3043 189 3069 ²‘
199 3036 332 3095 Skilsully,’
349 3040 422 3086 ‘with
434 3040 479 3086 due
491 3040 682 3087 consideration!
701 3049 704 3056 ⁴

161 3103 170 3127 ³
183 3097 226 3144 ‘In
238 3096 319 3143 malin
348 3098 453 3165 changes
464 3099 491 3144 of
499 3099 560 3145 their
571 3109 638 3145 turns
650 3114 680 3144 on
691 3098 784 3158 guard'

160 3164 169 3185 ⁴
180 3158 217 3203 As
229 3166 253 3203 to
266 3155 306 3202 the
318 3112 456 3203 distinction
467 3159 578 3205 between
589 3169 630 3204 out
641 3156 687 3204 and
699 3160 743 3212 nel,
756 3173 797 3204 see
810 3158 907 3216 Zumpt,
921 3158 935 3209 b
947 3163 1001 3207 339.

162 3225 169 3248 ⁶
181 3215 353 3264 Cheerlulness
365 3215 385 3261 is
397 3216 534 3263 mentioned
550 3217 601 3263 also
612 3216 636 3264 in
647 3217 748 3264 another
758 3232 860 3278 passage
872 3217 930 3272 (viti.
944 3223 980 3272 16)
993 3235 1021 3267 as
1033 3235 1047 3268 a

130 3274 248 3325 desirable
259 3275 352 3334 quality
363 3275 386 3321 in
398 3276 549 3334 banqucters.

153 3342 164 3366 ³
177 3335 247 3385 ‘Had
258 3332 427 3397 approached.’

147 3400 156 3423 ⁷
169 3397 226 3446 ‘Of
236 3395 407 3460 adpossessed’
422 3411 449 3446 or
462 3393 620 3458 ‘prophectis
628 3393 709 3443 mind?

133 3460 147 3488 ⁴
160 3457 257 3510 ‘From
269 3459 439 3524 inspiration’
