2274 3772
483 218 578 259 ursan
596 204 639 259 tit.
854 287 855 293 ἵ
963 181 1029 260 267θ

109 341 209 394 eoram,
230 326 326 397 quibus
343 325 481 396 spectandi
505 325 645 380 infantium
666 325 788 380 habiturn
808 343 872 378 cura
895 327 1023 381 mandata

110 405 158 448 est.
194 397 220 448 Si
236 412 303 465 quos
315 396 441 464 insignes¹
453 405 500 448 aut
517 396 605 466 aliqua
623 405 697 465 parte
715 395 895 449 membrorum
914 397 1023 450 irrutiles

109 474 273 534 notaverunt,
294 466 383 518 necari
405 463 508 534 jubent.
544 465 653 535 Nuptiis
675 471 771 518 coeunt
794 481 845 517 nou
868 482 966 534 genere
989 484 1022 520 ac

110 534 245 588 nobilitata
258 534 412 605 conjunctis,
423 534 470 588 sed
484 535 569 586 electa
581 551 718 604 corporum
731 535 841 603 specie,2
851 535 913 603 quia
925 535 1023 589 eadem

110 604 265 657 aestimatur
279 606 305 656 in
322 603 420 656 liberis.
457 604 543 674 Hujus
559 605 647 672 gentis
665 621 698 674 op
718 603 799 672 idum,
813 605 857 656 cui
870 605 1023 658 Alexander

109 672 263 726 admoverat
287 674 384 743 copias,
408 673 444 726 ab
467 674 523 742 ipso
550 674 657 744 Sopithe
686 623 862 726 obtinebatur.
910 674 1022 727 Clausae

110 751 185 795 erant
196 751 295 819 portae,
309 742 355 795 sed
369 743 433 795 nulli
447 743 472 794 in
490 744 572 796 muris
591 743 758 812 turribusque
776 759 805 795 se
823 744 918 796 armati
936 753 1022 797 osten·

110 811 216 880 debant,
241 811 450 881 dubitabantque
470 813 642 881 Macedones,
664 812 842 865 deseruissent
865 814 960 866 urbem
985 814 1022 866 in·

110 881 191 948 colae,
205 899 239 933 an
251 881 345 933 fraude
363 898 393 934 sc
411 881 578 950 occulerent;
597 899 667 951 cum,
686 881 772 936 subito
790 881 923 951 patefacta
940 892 1021 952 porta,

111 968 157 1004 rex
180 950 262 1002 Indus
279 967 342 1003 cum
361 949 464 1003 duobus
481 950 578 1004 adultis
596 951 659 1004 filiis
677 951 796 1019 occurrit,
818 950 931 1004 multum
955 953 1023 1005 inter

110 1036 204 1072 ornnes
224 1019 347 1073 barbaros
367 1020 489 1072 eminens
508 1022 623 1091 corporis
643 1023 741 1091 specie.
778 1021 866 1073 Vestis
885 1031 941 1073 erat
960 1038 1023 1074 auro

110 1105 275 1159 purpuraque
287 1089 419 1154 distincta,
432 1107 500 1157 quae
513 1091 594 1143 etiam
610 1108 686 1143 crura
699 1089 821 1157 velabat,
839 1091 927 1143 aureis
945 1091 1024 1144 soleis

112 1159 257 1210 inseruerat
279 1175 417 1227 gemmas;
441 1158 532 1211 lacerti
554 1176 660 1230 quoque
685 1169 711 1212 et
734 1159 853 1212 brachia³
874 1161 1024 1228 margaritis

111 1235 204 1279 ornata
227 1236 312 1280 erant.
349 1228 504 1282 Pendebant
528 1247 562 1282 ex
585 1229 694 1282 autibus
717 1229 835 1296 insignes
858 1229 972 1281 candore
997 1239 1024 1282 et

112 1297 294 1364 magnitudine
316 1296 420 1366 lapilli.⁴
465 1298 595 1352 Baculum
621 1315 730 1350 aureum
755 1297 850 1368 berylli
880 1297 1023 1367 distingue·

113 1366 190 1418 bant:
210 1383 262 1434 quo
274 1367 368 1419 tradito
380 1381 509 1438 precatus,
524 1379 552 1421 ut
570 1385 662 1438 sospes
678 1369 818 1437 acciperet,
830 1384 862 1420 se
875 1367 1024 1437 liberosque

111 1444 138 1486 et
150 1448 256 1502 gentem
272 1453 346 1489 suam
359 1435 470 1488 dedidit.

146 1510 171 1557 6.
190 1505 302 1559 Nobiles
312 1505 347 1558 ad
361 1506 511 1559 venandum
530 1524 611 1560 canes
623 1507 649 1558 in
661 1523 694 1559 ea
707 1507 814 1574 regione
833 1518 908 1560 sunt:
927 1507 1023 1560 latratu

110 1573 244 1627 abstinere
267 1575 396 1644 dicuntur,
416 1593 478 1629 cum
502 1577 624 1629 viderunt
648 1576 742 1645 seram,
763 1576 884 1629 leonibus
906 1578 1024 1631 maxime

112 1643 208 1697 infesti.
245 1645 344 1697 Horum
365 1647 419 1698 viru
440 1655 467 1698 ut
487 1646 638 1701 ostenderet
659 1646 817 1714 Alexandro,
836 1647 864 1698 in
887 1649 1025 1716 conseptu⁵

112 1713 216 1766 leonem
240 1715 355 1767 eximiae
380 1716 574 1784 magnitudinis.
590 1715 667 1785 jussit
690 1715 785 1787 emitti,
806 1724 833 1767 et
856 1715 893 1768 IV
916 1716 1024 1768 omnino

111 1783 246 1836 admoveri
260 1801 348 1852 canes,
362 1785 407 1854 qui
421 1785 541 1837 celeriter
553 1785 637 1838 feram
657 1784 873 1854 occupaverunt.⁸
907 1786 979 1838 Tum
990 1802 1025 1837 ex

112 1851 161 1920 bis,
186 1853 231 1922 qui
254 1862 426 1906 assueverant
450 1854 548 1917 talibus
571 1854 732 1922 ministeriis,
755 1856 834 1905 unus⁷
857 1853 931 1905 canis
954 1853 1024 1906 leoni

110 1938 174 1973 cum
190 1922 250 1973 aliis
267 1921 427 1974 inhaerentis
445 1939 506 1974 orus
523 1922 648 1992 avellere,
661 1931 695 1990 st,
708 1923 771 1990 quia
788 1938 838 1973 non
857 1923 1023 1991 sequebatur,

114 1989 180 2041 serto
192 2000 330 2059 amputare
343 1988 443 2060 coepit:
462 2008 496 2042 ne
516 1991 676 2060 sicquidem
689 1991 834 2060 pertinacia
845 1991 915 2043 victa
936 2008 1025 2044 rursus

112 2058 193 2111 aliam
206 2070 308 2128 partem
327 2077 417 2112 secare
437 2060 589 2128 institit,⁹et
608 2059 669 2113 inde
688 2077 738 2113 non
758 2059 869 2128 segnius
886 2030 1025 2114 inbasren-

113 2139 168 2180 tem
192 2127 260 2180 ferro
283 2129 396 2183 subinde
419 2128 558 2183 caedebat.
594 2129 642 2183 Ille
661 2130 688 2184 in
709 2130 818 2184 vulnere
838 2129 911 2183 fetae
930 2130 1026 2184 dentes

113 2197 284 2251 moribundus
300 2216 405 2268 quoque
422 2199 557 2253 infixerat:
578 2209 678 2253 tantam
697 2200 723 2253 in
743 2200 796 2253 illis
813 2199 973 2253 animalibus
990 2199 1024 2252 ad

113 2267 265 2320 venandum
283 2269 457 2338 cupiditatem
476 2270 645 2338 ingenerasse
665 2279 786 2322 naturam
805 2269 952 2322 memoriae
968 2286 1024 2338 pro·

113 2336 198 2388 ditum
212 2345 260 2389 est.
306 2338 437 2408 Equidem
462 2340 537 2408 plura
560 2340 710 2406 transcribo,
736 2356 818 2407 quam
841 2338 936 2391 credo:
962 2355 1024 2390 nam

113 2422 163 2457 nec
182 2406 314 2459 affirmare
338 2410 462 2477 sustine0,
484 2409 518 2460 de
543 2409 640 2477 quibus
663 2408 761 2475 dubito,
783 2420 833 2459 nec
856 2407 1026 2475 subducere,⁹

113 2549 137 2585 at
154 2536 196 2585 the
212 2538 259 2586 leet
276 2538 304 2586 os
316 2540 347 2587 its
363 2539 450 2594 father,
469 2539 514 2586 und
531 2539 552 2587 is
563 2539 595 2586 he
610 2538 678 2586 lifted
694 2539 721 2595 it,
734 2538 780 2586 and
813 2538 894 2586 ressed
911 2539 928 2586 it
945 2548 971 2586 to
987 2539 1024 2588 his

113 2599 206 2652 bosom,
219 2597 267 2646 this
278 2614 329 2646 was
340 2614 354 2646 a
364 2597 506 2658 symbolical
517 2599 621 2657 promise
633 2598 683 2645 that
695 2598 725 2645 he
737 2554 818 2645 would
830 2597 886 2644 take
897 2613 951 2645 care
963 2597 991 2646 ol
997 2599 1023 2646 it.

142 2663 149 2684 ¹
161 2655 279 2719 Insignis,
295 2663 356 2705 ‘one
368 2658 424 2706 who
434 2658 526 2706 excites
537 2657 633 2706 remark
643 2659 659 2714 ;'
672 2656 809 2716 frequently
820 2657 845 2703 in
855 2672 870 2704 a
880 2657 926 2704 bad
941 2673 1022 2714 sense,

112 2731 139 2762 as
150 2714 216 2771 herc,
232 2715 380 2764 ‘offensiva’

142 2775 252 2835 '‘They
263 2791 343 2835 marry
353 2785 395 2823 not
410 2775 538 2836 according
554 2786 579 2823 to
590 2775 654 2823 birth
670 2775 717 2823 and
732 2774 801 2829 rank,
814 2775 858 2822 but
873 2783 899 2822 to
914 2775 1024 2835 physicul

113 2836 202 2893 beauty
212 2834 302 2882 chosen
319 2846 360 2883 out
369 2836 385 2882 τ’
397 2852 473 2896 genus
489 2852 516 2882 oc
530 2837 640 2882 nobilitas
663 2836 710 2882 aiv
721 2837 754 2881 lat
766 2835 831 2889 δυοῖν,
844 2834 982 2893 equivalent
998 2845 1024 2882 to

111 2895 206 2954 generis
217 2895 334 2941 nobilitas.
366 2894 414 2941 Sea
425 2895 524 2953 Zumpt,
538 2894 551 2945 l
562 2897 613 2943 741.

140 2957 149 2980 ³
160 2952 206 2999 See
218 2963 274 2999 note
285 2953 334 3000 viii.
346 2957 382 3001 31.

141 3017 149 3038 ⁴
162 3011 291 3059 ‘Precious
302 3013 402 3059 atones’

142 3070 246 3119 ⁸¹1nan
262 3069 395 3139 enclosure’
408 3086 435 3119 or
447 3076 453 3097 ⁴
460 3070 522 3139 parlt
530 3071 546 3119 ι’
564 3070 809 3139 usuallyponscptum,
823 3073 840 3126 i,
854 3072 897 3118 but
910 3085 982 3176 maqy
993 3070 1021 3117 ol

112 3128 171 3176 such
179 3131 342 3177 substantivas
350 3146 376 3177 as
382 3144 446 3177 were
455 3129 581 3190 ortginally
588 3128 724 3189 parttcrples
731 3129 792 3177 have
801 3145 815 3176 a
823 3127 955 3189 secondary
970 3144 1022 3176 orm

112 3187 137 3234 in
147 3205 185 3243 us,
199 3192 234 3235 its.
267 3189 314 3236 See
327 3189 407 3238 Gram.
420 3189 434 3240 l
445 3193 483 3243 tt,
494 3200 550 3237 note
563 3191 584 3245 1,
597 3188 644 3237 and
656 3188 754 3248 Zumpt,
767 3188 780 3241 l
792 3192 828 3237 98.

140 3251 150 3276 ⁸
163 3245 264 3294 ‘Seized
274 3248 315 3295 the
328 3248 385 3296 wild
396 3249 481 3296 beast'
859 3272 863 3279 ¹

141 3309 149 3330 ¹
163 3311 168 3331 ¹
181 3305 235 3353 One
246 3306 273 3353 of
285 3307 326 3354 the
337 3318 447 3355 servants
459 3309 538 3368 began
547 3317 573 3354 to
590 3316 641 3354 tear
651 3322 720 3367 away
732 3305 773 3354 the
791 3306 831 3367 leg
845 3305 873 3353 ol
884 3303 970 3351 onesi
980 3303 1030 3347 tte

112 3362 420 3474 dopqhqhgllqstillplpng
430 3366 476 3475 {ast
489 3365 566 3476 tphthe
577 3364 699 3476 lpqpptitb
706 3365 754 3414 abs
763 3363 868 3424 saltere?

281 3439 338 3474 rorte
375 3440 431 3476 ocu
453 3440 500 3476 ano
528 3442 556 3477 er
624 3463 631 3476 .

136 3485 147 3507 ¹
158 3480 288 3532 ‘Tclsave
300 3486 488 3547 numentionsd,
500 3498 529 3538 to
537 3442 664 3538 bapsilsnt
674 3482 770 3536 annus?
