2274 3772
480 173 571 214 steen
591 173 631 214 vt.
953 155 1005 211 lbl

101 297 206 404 puoque
224 289 250 334 et
268 262 457 350 Sinopensibus
475 281 600 352 daretur,¹
612 282 778 352 respondent,
798 298 834 349 se,
847 280 911 350 quid
929 297 1010 350 agen·

119 368 165 403 um
189 351 252 419 ipsis
272 351 358 419 soret,2
377 352 574 404 deliberaturos.
595 370 597 372 ’
621 351 712 419 Legati
733 359 807 404 erant
831 349 1009 404 Lacedaemo-

101 421 204 474 niorum
218 421 291 472 missi
309 420 342 473 ad
361 422 484 488 Dareum,
498 437 550 489 quo
562 421 630 473 victo
650 420 831 490 applicuerant
852 437 881 472 se
899 419 1011 474 Graecis

102 490 227 542 mercede
238 489 309 558 apud
321 491 416 542 Persas
427 490 609 542 militantibus.
646 490 709 556 Rex,
723 489 829 542 omissis
840 489 1009 558 sponsionum

101 559 218 627 fideique
239 560 399 628 pignoribus,
418 560 508 610 venire
527 576 573 610 eos
592 558 677 628 jussit,
697 559 828 611 fortunam
869 576 930 610 uam
951 558 1010 628 ipse

101 627 219 680 dedisset
232 626 375 680 habituros.
402 629 452 680 Diu
465 638 629 696 cunctantes,
642 628 775 696 plerisque
787 575 896 679 consilia
908 630 1009 681 uariau-

101 697 179 765 tibus,
194 697 301 748 tandem
314 707 437 749 venturos
450 714 478 748 se
491 696 654 766 pollicentur.
691 699 726 748 At
747 698 916 749 Democrates
927 696 1009 749 Athe-

102 767 209 834 niensis,
229 766 273 834 qui
294 766 412 818 maxime
432 766 612 818 Macedonum
631 765 723 834 opibus
743 783 848 834 semper
864 765 1008 828 obstiterat,

101 835 241 904 desperata
253 836 337 904 venia,
351 835 439 902 gladio
457 852 486 886 se
505 836 639 902 transfigit.
676 835 770 902 Ceteri,
784 836 852 886 sicut
870 835 1009 888 constitue-

102 916 166 973 rant,
175 904 271 957 dicioni
280 904 422 957 Alexandri
436 904 506 972 ipsos
519 920 547 955 se
560 904 722 972 permittunt.
749 904 827 957 Mille
840 913 866 955 et
879 903 1011 957 Dmilites

102 982 191 1025 erant:
212 983 314 1041 praeter
327 973 375 1025 hos
392 972 473 1040 legati
491 973 525 1025 ad
543 975 659 1025 Dareum
677 973 751 1025 missi
768 973 822 1025 XC.
858 973 888 1025 ln
906 973 1010 1042 supple·

101 1050 222 1096 mentum
246 1041 401 1094 distributus
425 1041 510 1109 miles,
535 1043 616 1094 ceteri
640 1043 742 1094 remissi
766 1042 883 1111 domurn,
908 1051 1011 1111 praeter

103 1111 333 1179 Lacedaemonios,
346 1128 412 1179 quos
425 1111 490 1162 tradi
503 1112 528 1162 in
542 1110 690 1163 custodiam
701 1110 785 1180 jussit.

139 1185 178 1233 16.
197 1181 350 1232 Mardorum
370 1189 426 1232 erat
449 1181 525 1247 gens³
544 1181 653 1232 confinis
672 1181 828 1249 Hyrcaniae,
848 1179 921 1232 cnltu
940 1180 1010 1244 vitae

102 1265 197 1318 aspera
215 1259 240 1301 et
260 1249 400 1302 latrociniis
417 1260 532 1301 assueta.
568 1250 643 1300 Haec
655 1249 710 1300 sola
722 1266 771 1302 nec
784 1248 884 1316 legatos
895 1249 1010 1328 miserat,

103 1334 153 1374 nec
173 1317 311 1371 videbatur
331 1319 458 1386 imperata
478 1318 588 1370 factura.
625 1319 716 1395 ltaque
740 1335 786 1371 rex
809 1318 966 1386 indignatus,
988 1335 1012 1371 st

104 1404 156 1439 una
167 1404 233 1454 gens
243 1395 332 1456 posset
344 1388 459 1454 efficere,
473 1405 508 1440 ne
520 1388 633 1440 invictus
645 1396 723 1456 esset,
737 1387 937 1456 impedimentis
948 1403 1011 1440 cnm

103 1457 233 1535 praesidio
252 1457 357 1524 relictis,
377 1457 474 1509 invicta
495 1473 575 1508 manu
596 1457 739 1508 comitante
755 1456 889 1526 procedit.
924 1457 1011 1510 Nocttt

103 1536 153 1577 tter
164 1525 272 1593 lecerat,
286 1535 312 1578 ct
330 1527 414 1595 prima
431 1525 492 1578 luce
504 1524 589 1578 hostis
601 1527 627 1578 in
639 1534 782 1595 conspectu
794 1533 864 1577 erat:
883 1525 1012 1579 tumultus

103 1595 190 1662 magis
200 1612 279 1664 quam
293 1596 421 1663 proelium
434 1595 492 1648 l'uit.
529 1595 666 1648 Deturbati
678 1613 713 1648 ex
724 1594 843 1662 collibus,
856 1611 922 1663 quos
933 1606 1011 1648 occtt·

139 1674 237 1731 vetant,
260 1664 363 1717 barbari
388 1664 574 1732 profugerunt:
601 1665 766 1733 proximique
787 1665 838 1716 vici
862 1663 897 1716 ab
920 1663 1013 1717 incolis

140 1733 203 1785 serti
223 1734 369 1801 cupiuntur.
406 1733 532 1785 Interiora
554 1734 666 1800 regionis
685 1732 744 1803 ejus
767 1732 837 1786 haud
862 1749 926 1784 sane
946 1732 1012 1786 aditi

103 1803 161 1854 sine
184 1818 281 1869 magna
305 1801 443 1854 vexatione
467 1802 600 1854 exercitus
624 1810 752 1871 poterant.
788 1803 857 1868 Juga
883 1802 1013 1855 montium

22 1897 26 1901 -
104 1871 238 1940 praealtae
259 1871 342 1922 silvae
362 1887 494 1940 rupesque
516 1871 602 1922 inviae
622 1871 741 1938 saepiunt
751 1873 768 1937 ;⁴
787 1887 828 1937 ea,
847 1886 917 1937 quae
953 1869 1014 1923 lane

105 1949 173 2006 suut,
186 1956 252 1992 novo
264 1941 421 1993 munimenti
440 1956 537 2006 genere
551 1939 736 2007 impedierant⁵
749 1938 861 1991 barbari.
898 1888 1014 1992 Arbores

103 2009 204 2061 densae
225 2018 285 2061 sunt
309 2009 342 2061 de
367 2009 496 2061 industria
521 2009 645 2076 consitae,
664 2024 776 2076 quarum
800 2018 904 2059 teneros
925 2007 1014 2061 adhuc

104 2094 192 2130 ramos
210 2095 289 2130 mann
308 2079 426 2146 flectunt,
446 2095 512 2145 quos
532 2079 639 2129 intortos
663 2094 751 2129 rursus
775 2077 892 2129 inserunt
912 2085 1012 2129 terrae:

105 2147 166 2200 inde
179 2148 251 2199 velut
271 2165 305 2200 ex
324 2148 375 2199 alia
396 2146 483 2199 radice
504 2147 626 2199 laetiores
637 2146 723 2199 virent
741 2145 847 2200 trunci.⁶
883 2145 945 2215 Hos,
959 2161 1013 2215 qua

105 2225 199 2267 natura
217 2216 274 2285 fert,
293 2216 444 2269 adolescere
463 2233 514 2269 non
532 2216 635 2269 sinunt:
658 2215 756 2284 quippe
773 2216 856 2268 alium
874 2214 919 2267 alii
937 2215 1013 2283 quasi

105 2301 174 2336 nexu
193 2288 350 2352 conserunt,⁷
362 2285 405 2353 qui
424 2285 571 2338 ubimulta
590 2284 681 2337 fronde
700 2286 787 2338 vestiti
806 2293 873 2351 sunt,
892 2284 1013 2353 operiunt

105 2362 210 2405 tertam.
246 2354 339 2422 Itaque
351 2353 447 2407 occulti
462 2371 592 2406 ramorum
603 2355 676 2406 velut
688 2354 776 2422 laquei
793 2361 921 2422 perpetua
933 2369 1014 2422 saepe

105 2422 154 2473 iter
165 2421 293 2475 cludunt.⁸
327 2423 386 2476 Una
405 2424 468 2474 ratio
488 2424 553 2474 erat⁹
571 2423 707 2475 caedendo
726 2424 828 2490 aperire
846 2420 951 2490 saltum,
964 2420 1012 2474 scd

105 2490 155 2543 hoc
172 2508 278 2559 quoque
296 2492 386 2558 magni
405 2492 498 2559 operis.
534 2491 624 2543 Crebri
642 2508 757 2558 namque
776 2491 844 2543 nodi
855 2490 1013 2544 duraverant

105 2559 214 2629 stipites,
234 2569 260 2612 et
279 2560 303 2612 in
323 2578 351 2611 se
370 2560 498 2628 implicati
516 2560 638 2612 arborum
660 2561 732 2627 rami,
753 2559 888 2628 suspensis
905 2558 1011 2612 circulis

135 2702 526 2784 ¹Namely,ecsinviolatossore,
827 2746 829 2750 .
879 2754 880 2758 ,

132 2766 142 2790 ²
154 2761 244 2808 ‘What
257 2762 315 2822 they
326 2761 372 2808 bad
384 2772 408 2808 to
419 2762 458 2816 do,
485 2762 564 2808 ‘what
576 2761 638 2809 their
646 2777 730 2810 course
741 2762 769 2809 ol
775 2761 855 2810 action
865 2778 916 2811 vrtts
927 2770 952 2811 to
962 2765 1010 2813 be!

105 2819 177 2888 They
189 2820 228 2868 did
245 2832 285 2867 not
302 2836 345 2889 say
356 2820 440 2888 directl
468 2821 519 2868 that
531 2820 589 2881 they
600 2836 664 2869 were
675 2820 817 2882 meditnting
832 2835 863 2869 an
877 2821 959 2871 armcd
969 2836 1012 2884 op·

104 2888 209 2938 position
220 2890 244 2926 to
255 2879 296 2926 the
308 2878 389 2940 ktng’s
401 2836 458 2926 wrtl.

132 2943 141 2966 ³
152 2937 199 2985 See
210 2948 265 2985 note
277 2955 300 2984 v.
312 2943 347 2986 21.

115 3001 142 3101 h‘
155 2996 312 3105 ‘Suryloundss
327 2995 397 3044 ‘shut
414 2997 455 3044 in.'
488 2996 543 3044 'Phe
559 2997 663 3058 spelling
678 2997 738 3046 with
753 3015 781 3047 ae
799 2997 820 3047 is
835 3012 902 3046 more
917 3007 1009 3047 comet

104 3063 163 3102 tan
174 3067 215 3102 wtt
244 3074 262 3104 e.

135 3121 143 3145 ⁸
155 3114 222 3162 'Hed
233 3113 348 3162 rendered
361 3114 535 3162 inaccessible.’

131 3172 235 3221 ‘These
252 3173 347 3233 boughs
363 3173 419 3220 take
431 3184 491 3228 root,
505 3172 550 3221 end
566 3175 666 3222 become
682 3174 831 3224 themselves
847 3173 911 3222 main
926 3183 1010 3224 stcms.

104 3229 193 3280 Lcetm
205 3231 321 3280 indicates
333 3239 439 3292 n'strong
451 3231 570 3280 luxuriant
610 3233 683 3282 owth.

133 3294 141 3318 ¹
153 3290 239 3350 ‘They
251 3291 406 3347 interweave,
419 3307 445 3338 as
456 3291 474 3338 it
486 3306 558 3347 were,
571 3300 580 3338 t
599 3307 668 3341 eone
680 3292 739 3341 with
750 3291 791 3341 the
802 3290 887 3339 other!

132 3353 141 3378 ⁸
152 3350 177 3396 Α
187 3359 229 3397 not
240 3349 345 3398 unusual
355 3349 416 3398 form
427 3349 463 3397 sor
472 3351 587 3398 claudicat
595 3367 606 3408 ,·
624 3367 650 3400 es
660 3351 687 3400 in
696 3351 736 3399 the
747 3349 902 3410 compounds.

132 3410 142 3436 ⁹
154 3407 252 3458 ‘There
260 3422 311 3459 was
320 3407 377 3469 only
385 3422 430 3456 one
441 3407 547 3468 possible
556 3410 629 3470 wey,’
643 3409 692 3459 dac.
715 3410 762 3459 See
772 3409 853 3458 Gran.
861 3407 876 3459 t
884 3409 936 3468 att,
946 3416 1010 3461 note.
