2274 3772
134 164 193 218 210
403 179 442 219 nrr
466 180 573 220 oasrrs
595 180 781 221 seaxrrrnar.

135 289 217 342 armis
240 304 331 356 parem
355 288 410 340 sore
434 289 634 342 confitebantur.
671 290 763 359 ltaque
783 291 877 344 Sacae¹
896 293 1005 348 misere
1026 296 1064 351 le·

134 368 217 427 gatos,
231 359 276 426 qui
289 358 481 428 pollicerentur,
491 373 600 429 gentem
613 360 743 429 imperata
756 360 892 415 facturam.
935 364 1064 421 Moverat

135 446 182 480 eos
207 428 276 495 regis
300 444 350 481 nort
374 429 458 480 virtus
482 431 574 500 magis,
600 431 692 499 quam2
715 430 859 483 clementia
881 432 1063 490 incestator

135 497 263 567 Scythas:
289 499 387 567 quippe
411 501 530 569 captivos
554 518 648 553 omnes
673 501 729 552 sine
752 501 835 569 pretio
855 503 1012 575 remiserat,
1033 516 1062 560 ut

136 568 217 620 fidem
236 569 344 635 laceret,
359 568 408 621 sibi
426 587 489 623 uum
508 569 681 623 ferocissimis
698 571 819 638 gentium
837 570 873 623 de
891 572 1059 646 fortitudine,

135 655 185 690 nou
199 637 233 691 de
246 639 283 690 ira
295 638 378 691 fuisse
391 648 536 694 certarnen.
572 641 690 708 Benigne
703 640 782 709 igitur
793 642 915 710 exceptis
927 643 1060 701 Saoannn

136 707 238 778 legatis,
252 709 378 761 comitem
398 711 545 780 Excipinon
564 710 645 780 dedit,
659 709 748 762 adhuc
759 710 906 764 admodum
925 711 1060 782 juvenem

135 779 232 830 aetatis
244 779 307 831 flore
320 779 488 833 conciliatum
501 780 560 849 sibi,
592 781 618 833 ui
637 798 700 833 cum
718 780 808 849 specie
826 784 947 850 corporis
959 801 1059 855 aequa·

136 859 175 900 ret
188 849 420 920 Hephaestionem,
434 850 460 902 ei
478 851 567 920 lepore
605 851 657 903 aud
676 867 740 902 sane
758 850 827 902 virili
845 868 893 920 par
905 869 961 906 non
981 855 1060 908 erat.³

136 919 204 988 lpse,
218 919 323 971 Cratero
336 936 397 971 cum
416 921 516 990 majore
535 930 609 990 parte
628 921 761 972 exercitus
779 919 893 974 modicis
912 922 1059 979 itineribus

136 989 212 1057 sequi
230 987 310 1058 jusso,
330 989 363 1041 atl
384 989 549 1042 Maracanda
567 991 662 1043 urbem
680 990 824 1060 contendit,
843 1008 878 1044 ex
895 1007 953 1060 qua
971 993 1058 1064 Spita-

136 1076 237 1122 menes,
260 1068 394 1128 comperto
415 1059 472 1129 ejus
492 1060 616 1130 advento,
638 1060 732 1112 Bactra
751 1060 924 1130 perfugerat.⁴
962 1064 1058 1134 Itaque

136 1128 274 1198 quatriduo
293 1147 340 1182 rex
357 1129 465 1199 longum
486 1130 588 1183 itineris
607 1130 721 1200 spatium
740 1146 874 1200 emensus,
893 1145 1058 1200 pervenerat

135 1198 160 1250 in
180 1216 243 1252 eum
261 1199 357 1269 locum,
374 1201 399 1252 in
418 1218 478 1271 quo,
491 1200 656 1253 Menedemo
675 1200 751 1269 duce,
765 1201 789 1253 II
801 1200 877 1253 milia
888 1203 1018 1270 pediturn
1032 1213 1057 1259 et

135 1270 198 1322 CCC
211 1269 315 1338 equites
326 1270 462 1323 amiserat.
499 1271 600 1323 Horum
612 1287 672 1324 ossa
685 1269 787 1323 tumulo
802 1273 907 1340 contegi
926 1271 1018 1344 jussit,
1031 1285 1058 1328 et

135 1339 243 1392 inferias
266 1357 339 1392 more
363 1341 445 1408 patrio
469 1339 553 1392 dedit.
589 1342 650 1394 Jam
674 1341 804 1410 Craterus,
830 1357 894 1394 cum
918 1343 1058 1414 phalange

136 1409 262 1478 subsequi
280 1408 376 1477 jussus,
390 1408 424 1461 ad
437 1425 527 1476 regem
541 1418 706 1478 pervenerat.
743 1410 836 1480 Itaque
848 1418 878 1463 ut
890 1427 998 1482 omnes,
1032 1415 1057 1468 ui

134 1477 297 1547 defecerant,
318 1481 416 1548 pariter
436 1478 499 1531 belli
521 1479 598 1532 clade
619 1489 809 1550 premerentur,
832 1481 924 1551 copias
949 1431 1057 1555 dirigit,

134 1548 228 1615 urique
241 1564 325 1617 agros,
339 1556 366 1601 et
379 1548 490 1601 interfici
503 1550 618 1628 puberes
628 1549 715 1620 jussit.
965 1557 967 1561 ⁴

169 1621 211 1669 39.
229 1616 361 1686 Sogdiana
374 1619 444 1687 regio
457 1635 556 1688 mayore
569 1629 689 1689 exparte
702 1620 807 1672 deserta
819 1628 876 1672 est:
898 1621 1058 1692 octingenta

134 1687 190 1740 fere
209 1687 294 1740 stadia
313 1688 338 1741 in
358 1687 528 1742 latitudinem
542 1698 632 1742 vastae
645 1688 803 1742 solitudines
814 1698 915 1744 tenent.
957 1693 1059 1763 Ingens

133 1757 251 1828 spatium
270 1766 359 1810 rectae
377 1758 501 1827 regionis⁶
519 1768 567 1830 est,
585 1776 632 1829 pet
649 1777 731 1829 quam
746 1761 841 1829 amnis,
855 1760 1058 1831 Polytimetum

132 1836 229 1881 vocant
253 1827 363 1899 incolae,
389 1826 479 1898 sertor.
521 1829 676 1882 Torrentem
701 1846 764 1882 eum
788 1830 862 1899 ripae
886 1831 914 1884 in
940 1841 1056 1888 tenuem

132 1896 241 1951 alveum
259 1907 373 1967 cogunt,
392 1899 489 1952 deinde
508 1916 622 1951 caverna
640 1898 743 1968 accipit,
758 1908 785 1952 et
797 1900 847 1952 sub
860 1907 964 1957 terram
979 1905 1056 1975 rapit.

132 1969 232 2021 Cursus
250 1968 397 2021 absconditi
418 1969 557 2022 indicium⁶
575 1980 616 2022 est
635 1986 722 2038 aquae
742 1969 857 2023 meantis
876 1988 970 2044 sonus,
991 1991 1057 2029 cum

132 2038 220 2106 ipsum
233 2037 326 2106 solum,
340 2038 391 2092 sub
408 2057 460 2108 quo
480 2048 569 2092 tantus
586 2040 675 2092 amuis
693 2039 759 2108 fluit,
773 2057 807 2092 ne
820 2039 927 2093 modico
941 2045 1056 2113 quidem

132 2105 239 2158 resudet
258 2106 378 2159 humore.
417 2110 458 2162 Ex
478 2110 590 2177 captivis
609 2109 798 2177 Sogdianorum
817 2110 852 2162 ad
873 2127 971 2180 regem
983 2115 1057 2169 XXX

132 2175 297 2245 nobilissimi,
312 2193 450 2246 corporum
469 2179 559 2230 robore
579 2179 685 2247 eximio,
701 2178 823 2249 perducti
842 2192 934 2234 erant:
957 2185 1006 2254 qui
1027 2198 1057 2239 ut

130 2262 178 2315 per
196 2244 368 2314 interpretem
387 2256 572 2316 cognoverunt,
585 2247 660 2316 jussu
674 2249 744 2318 regis
756 2249 827 2320 ipsos
839 2249 872 2303 ad
887 2254 1056 2322 supplicium

132 2314 207 2386 trahi,
226 2332 334 2369 carmen
352 2316 509 2371 laetantium
527 2317 605 2370 modo
624 2335 728 2388 canere,
743 2319 918 2390 tripudiisque
932 2333 963 2376 et
976 2325 1056 2380 lasci-

131 2386 196 2439 viori
209 2387 324 2456 corporis
336 2390 420 2441 motu⁷
427 2388 555 2458 gaudium
565 2387 698 2458 quoddam
709 2389 794 2442 animi
806 2398 941 2444 ostentare
956 2411 1057 2466 coepe·

160 2521 165 2543 ¹
179 2512 241 2563 This
252 2531 323 2563 name
335 2515 355 2562 is
366 2515 439 2575 given
449 2524 475 2563 to
486 2514 555 2562 those
567 2512 595 2560 of
606 2513 648 2561 the
660 2514 790 2575 Scythians
798 2515 854 2565 who
865 2516 943 2567 dwelt
956 2535 1057 2573 nearest

129 2573 171 2663 th?
178 2574 396 2683 Millhellfferent
405 2634 493 2683 shades
501 2632 528 2681 os
535 2633 648 2692 meaning
655 2633 679 2680 in
686 2643 816 2696 tamquam,
826 2653 874 2684 non
879 2641 965 2688 mairac
973 2658 1054 2703 qaam,

129 2691 176 2739 and
187 2710 235 2739 non
246 2697 321 2754 magis
332 2710 409 2754 qaam,
422 2709 463 2741 see
476 2693 574 2752 Zumpt,
588 2693 601 2743 l
613 2697 664 2741 725.

159 2769 167 2791 ³
179 2764 345 2823 Hephaestion
352 2765 461 2813 excelled
468 2765 528 2821 him,
538 2764 665 2822 therefore,
674 2765 699 2812 in
706 2769 775 2830 lepos.
794 2767 847 2816 Cur
854 2770 942 2819 author
952 2774 1055 2825 charac-

128 2822 215 2870 terises
227 2824 275 2872 this
287 2826 380 2885 quality
391 2841 418 2872 as
429 2840 474 2872 one
488 2831 544 2872 ‘not
555 2841 615 2884 very
626 2825 682 2874 well
694 2827 823 2888 becoming
833 2838 874 2876 tne
883 2829 988 2894 dignity
1000 2836 1030 2884 of
1041 2853 1056 2884 a

129 2883 202 2930 mam’
234 2883 309 2944 Lepos
322 2885 342 2932 is
354 2885 419 2933 what
431 2901 468 2932 we
480 2885 526 2932 call
546 2890 630 2945 ‘groco
647 2886 674 2933 ol
687 2889 819 2944 manners‚’
837 2888 885 2937 and
902 2890 967 2939 isin
985 2896 1055 2944 trutb

129 2958 195 2991 ruore
207 2942 310 2990 suitable
322 2943 357 2991 for
368 2944 442 2992 ladies
454 2944 513 2992 than
523 2944 560 2992 sor
570 2945 611 2991 the
621 2946 689 2993 other
700 2962 752 3002 sex,
763 2948 836 2994 albeit
847 2964 862 2996 a
872 2951 1004 3002 moderate
1012 2955 1054 3004 de·

128 3018 184 3064 gree
196 3001 224 3049 of
236 3001 253 3049 it
265 3002 285 3050 is
297 3018 426 3064 necessary
437 3013 461 3052 to
473 3004 544 3052 make
556 3021 571 3052 a
581 3004 709 3053 well-bred
721 3022 784 3054 man.

157 3084 166 3106 ⁴
177 3077 239 3126 This
251 3077 271 3126 is
282 3089 323 3126 not
335 3077 423 3127 Bactra
434 3095 465 3128 on
475 3079 525 3128 this
535 3079 587 3128 side
601 3078 643 3127 the
657 3080 736 3138 Oxus,
750 3083 793 3129 but
809 3083 911 3133 another
922 3085 1018 3138 Bactra
1029 3091 1054 3140 in

129 3138 258 3199 Sogdiana,
272 3152 303 3186 on
319 3137 360 3185 the
377 3139 451 3186 lower
467 3149 519 3198 part
535 3139 564 3187 of
575 3139 616 3186 the
634 3139 806 3200 Polytimetus,
820 3158 878 3191 near
894 3144 937 3194 the
954 3147 1051 3210 desert,

128 3197 209 3246 where
222 3198 262 3245 the
274 3198 373 3246 modern
385 3197 500 3246 Bohhare
511 3199 531 3246 is
542 3199 655 3247 situated.

157 3262 204 3310 ‘In
215 3263 257 3311 the
269 3263 384 3311 direction
395 3262 456 3311 from
467 3274 529 3310 west
540 3273 565 3312 to
576 3274 636 3311 east.
669 3264 715 3313 See
727 3275 793 3324 note,
806 3267 894 3316 vitae.

155 3328 164 3352 ⁸
178 3324 210 3370 ‘A
222 3323 277 3384 sign
287 3322 316 3370 ol
323 3323 363 3370 the
374 3325 549 3371 subterranean
559 3323 662 3371 murae!

105 3441 127 3489 I,
150 3383 226 3494 'I‘lly
236 3383 337 3449 leaping
347 3383 395 3436 and
406 3382 490 3437 rather
501 3394 601 3436 wanton
609 3394 765 3433 moraments
774 3385 944 3448 otthehody:
957 3406 987 3441 aa
999 3393 1050 3444 ina

115 3457 158 3492 tve
168 3459 189 3506 y
215 3462 286 3498 anca.
