2274 3772
135 163 196 222 Μ
403 179 443 220 ua
466 181 574 222 cesara
594 182 779 224 tauxasoar.

136 288 249 343 militiae
265 286 350 358 major
366 295 394 342 et
411 288 511 358 clarior,
525 290 628 344 modico
646 290 781 371 civilique¹
792 291 882 363 cultu,
899 293 1058 351 liberalisiu

156 358 237 426 rimis,
246 357 374 428 adituque
386 357 466 428 facili,
480 359 544 412 nihil
557 359 672 413 erfasto
685 377 774 429 regiae
785 375 994 432 assumpserat.
1022 365 1058 421 Ob

173 444 205 480 ec
224 426 279 494 regi
297 443 331 479 an
349 427 519 497 popularibus
535 429 617 481 carior
634 438 713 498 esset,
732 429 847 483 dubitari
866 443 990 503 poterat,
1006 445 1057 489 tutu

137 505 209 549 certo
228 496 343 566 primurn
364 509 490 565 expertus
509 514 615 551 suorum
635 499 746 568 animos,
767 498 837 551 adeo
856 510 891 554 ut
913 502 1059 583 fortunam,

138 566 164 618 in
176 582 256 634 quarn
270 574 363 634 postea
374 568 501 636 ascendit,
514 567 543 619 in
561 567 604 619 illo
622 567 738 647 periculo
752 568 931 625 Macedones
948 574 1056 627 ominati

138 651 198 687 esse
210 633 356 687 videantur.
393 634 496 706 Quippe
514 652 564 688 non
583 637 666 689 levior
683 636 735 690 illis
752 636 909 692 Ptolemaei
923 640 977 695 fuit
990 660 1056 710 cura,

137 720 218 773 quam
237 703 318 771 regis:
338 703 384 773 qui
396 715 423 756 et
435 704 534 774 proelio
545 714 572 758 et
584 705 759 758 sollicitudine
771 705 910 774 fatigatus
922 729 990 765 cum
1004 713 1056 765 Pto·

137 773 240 826 lernaeo
258 773 393 842 assideret,
407 774 506 827 lectum
524 773 550 826 in
569 791 622 842 quo
640 775 696 844 ipse
714 774 917 848 acquiesceret,
930 779 1013 849 jussit
1024 782 1057 835 iu·

137 841 206 895 ferri.
243 841 273 895 In
293 859 374 910 quern
393 851 422 896 ut
442 860 472 895 se
491 844 599 913 recepit,
617 843 733 913 protinus
750 843 827 896 altior
847 844 1003 903 insecutus
1020 861 1056 903 est

136 927 253 965 somnus.
289 912 401 980 Exque
421 913 536 964 excitatu
577 929 625 981 per
642 913 759 982 quietem
773 913 877 967 vidisse
899 934 933 971 se
953 921 1056 990 exponit

137 980 255 1050 speciem
267 980 388 1034 draconis
399 981 535 1050 oblatam,²
565 981 655 1035 erbam
669 981 778 1035 ferentis
789 998 844 1051 ore,
858 1001 952 1053 quam
964 989 1056 1043 veneni

137 1049 287 1103 remedium
305 1067 365 1103 esse
384 1060 569 1103 monstrasset:
588 1050 704 1103 colorem
718 1068 824 1120 quoque
838 1052 950 1109 herbae
964 1060 1056 1111 refere-

136 1118 190 1188 bat,
214 1120 373 1190 agniturum,
397 1119 421 1172 si
444 1119 505 1198 quis
527 1120 692 1240 repperisset,
715 1120 864 1174 affirmans.
914 1126 1056 1181 inveniam

136 1188 242 1259 deinde,
252 1189 349 1259 quippe
361 1207 378 1242 a
387 1188 477 1242 multis
486 1189 555 1242 simu
578 1199 634 1241 erat
647 1191 779 1258 requisita,
790 1190 900 1245 vulneri
911 1197 1056 1266 imposuit:

135 1259 305 1329 protinusque
317 1257 406 1312 dolore
418 1258 499 1327 finito,
513 1259 580 1311 intra
591 1258 672 1311 breve
688 1260 802 1328 spatium
815 1260 939 1318 cicatrix
953 1283 1058 1337 quoque

134 1327 250 1382 obducta
267 1337 317 1381 est.
353 1327 480 1382 Barbaros
497 1336 526 1380 ut
538 1328 623 1397 prima
641 1344 703 1396 spes
720 1326 862 1399 fefellerat,
876 1348 911 1384 se
931 1335 1011 1404 ipsos
1021 1354 1058 1390 ur-

135 1396 252 1467 bemqus
264 1396 429 1450 dediderunt.
1002 1464 1006 1471 Ι

169 1471 210 1520 34.
235 1467 303 1519 Hinc
339 1466 364 1518 in
401 1465 548 1534 proximam
579 1475 686 1534 gentem
717 1465 860 1521 Pataliam³
890 1484 1057 1539 perventum

135 1544 183 1588 est.
219 1536 277 1588 Rex
304 1543 360 1587 erat
389 1534 495 1601 Moeris,
520 1535 566 1603 qui
590 1535 655 1588 urbe
678 1536 784 1589 deserta
807 1536 834 1591 in
860 1550 979 1597 montes
1003 1560 1057 1614 pro·

134 1604 246 1672 fugerat.
283 1604 374 1672 ltaque
394 1602 546 1655 Alexander
564 1603 661 1673 oppido
685 1605 788 1676 potitur,
809 1622 954 1679 agrosque
976 1630 1058 1683 popu·

134 1673 207 1726 latur.
246 1672 362 1741 Magnae
380 1672 442 1725 inde
460 1672 574 1742 medae
591 1682 668 1727 actae
687 1682 747 1727 sunt
765 1691 897 1744 pecorum
919 1691 1057 1735 armento·

133 1743 264 1811 rumque,⁴
293 1759 391 1810 magna
417 1741 458 1794 vis
488 1750 591 1811 reperta
620 1741 753 1797 frumenti.
797 1744 925 1800 Ducibus
957 1750 1057 1805 deinde

132 1810 247 1880 sumptis
269 1812 357 1864 amnis
380 1811 478 1882 peritis,
502 1810 613 1867 defluxit
642 1811 677 1866 ad
706 1811 820 1867 insulam
845 1815 944 1871 medio
969 1819 1057 1875 ferme

132 1880 209 1933 alveo
232 1887 348 1934 enatam.
392 1880 432 1934 lbi
453 1879 553 1934 diutius
577 1881 719 1935 subsistere
743 1891 858 1963 coactus,
878 1887 951 1954 quia
972 1889 1056 1943 duces

132 1950 267 2004 socordius
284 1951 411 2003 asservati
430 1949 605 2021 profugerant,
619 1952 692 2005 misit
704 1952 749 2020 qui
762 1966 957 2020 conquirerent
972 1959 1054 2014 alios:

132 2037 182 2072 uec
201 2021 316 2089 repertis,
332 2021 456 2089 pervicax
475 2019 571 2088 cupido
589 2021 691 2073 risendi
709 2022 854 2091 Oceanum,
873 2023 1056 2098 adeundique

131 2089 258 2141 terminos
277 2089 376 2156 mundi,
396 2089 455 2141 sine
475 2089 588 2156 regionis
606 2090 705 2159 peritis,
725 2090 828 2143 flumini
855 2092 951 2160 ignoto
971 2108 1054 2168 caput

131 2174 216 2236 suum,
247 2166 337 2226 totque
367 2158 569 2210 fortissimorum
595 2160 709 2212 virorum
740 2159 853 2212 salutem
887 2168 1053 2230 permittere

126 2225 258 2306 ,[caegrt].⁶
293 2226 460 2294 Navigabam
490 2243 551 2293 ergo
580 2229 699 2280 omniurn
728 2245 775 2296 per
797 2246 866 2297 quae
890 2232 1055 2290 ferebantur

129 2295 221 2364 ignari.
256 2296 389 2354 Quantum
408 2295 471 2348 inde
487 2295 595 2349 abesset
614 2315 696 2365 mare,
715 2314 783 2366 quae
802 2307 898 2365 gentes
919 2303 1053 2376 colerent,

131 2382 213 2435 quam
237 2365 373 2436 placidum
391 2365 477 2418 amnis
494 2382 531 2434 os,
551 2383 632 2434 quarn
652 2369 756 2437 patiens
776 2366 915 2435 longarum
938 2375 1052 2428 navium

129 2444 208 2506 esset,
222 2452 322 2505 anceps
339 2443 366 2487 et
384 2451 466 2487 caeca
483 2435 634 2488 aestimatio
651 2435 847 2504 augurabatur.⁶
884 2437 983 2497 Unum
996 2454 1053 2497 erat

158 2555 166 2577 ¹
180 2547 352 2597 ‘Chiron-like
364 2546 431 2596 dress
443 2548 489 2596 and
500 2549 569 2596 other
579 2550 671 2608 private
682 2560 862 2610 arrangements
870 2552 886 2598 :'
905 2552 933 2600 in
952 2557 1050 2616 opposi·

127 2607 179 2654 tion
190 2617 216 2654 to
226 2607 371 2692 ‘princelyss‘
383 2609 463 2668 regina
472 2623 499 2655 or
507 2611 587 2667 princi
617 2611 656 2689 lis,
667 2624 694 2656 as
705 2609 726 2656 is
737 2609 857 2657 indicated
870 2625 885 2658 a
896 2609 966 2661 little
979 2616 1049 2673 after,

130 2667 371 2796 by’sf‘iiiifcirigrriight
379 2666 688 2796 ifginepbifetilbitfiftgtieper
697 2728 795 2786 quierem
802 2744 828 2775 te
835 2729 929 2777 uidisse
938 2737 1049 2802 specim,

129 2785 1049 2914 terimtltdidititmllllrllldftl2¹¹dth¹¹tr‚

129 2900 204 2949 forms
220 2911 244 2947 at
261 2910 292 2948 its
308 2902 401 2959 mouth,
420 2901 466 2949 and
482 2902 570 2958 which,
589 2918 615 2950 as
632 2903 687 2950 well
703 2918 729 2951 as
745 2913 776 2952 tta
792 2905 909 2964 princrpal
926 2919 1011 2968 town,
1030 2913 1050 2961 is

130 2959 206 3009 called
219 2961 250 3020 by
260 2959 330 3007 other
340 2962 434 3008 writers
447 2961 538 3008 Patala.

157 3020 314 3066 ‘Armentiue
330 3020 350 3066 is
368 3025 397 3066 ‘a
413 3020 470 3067 hard
486 3020 514 3067 of
529 3019 601 3067 black
616 3020 688 3068 cattle
698 3021 714 3068 ε’
729 3038 812 3083 pecora
827 3036 886 3082 may
897 3024 1002 3077 include
1018 3031 1051 3079 at:

129 3079 198 3127 other
208 3077 280 3128 kinds
291 3077 408 3133 ofcattle‚
422 3080 464 3126 but
480 3095 561 3127 seems
577 3080 634 3126 here
651 3091 675 3127 to
691 3095 762 3127 mean
775 3080 883 3141 ‘sheep'
918 3083 974 3135 We
992 3105 1050 3150 may

130 3138 247 3187 therefore
264 3136 378 3184 translate
394 3154 476 3198 pecora
492 3147 649 3198 amentaque,
668 3140 699 3197 by
715 3155 746 3186 an
761 3140 904 3198 expression
915 3144 1005 3196 which
1019 3150 1051 3198 irs

129 3212 172 3246 use
184 3197 207 3245 in
219 3196 260 3245 the
272 3194 373 3256 English
384 3195 525 3244 translation
535 3196 563 3244 of
570 3197 610 3244 the
622 3196 692 3244 Bible
704 3197 747 3246 has
756 3198 825 3246 made
834 3213 895 3259 very
904 3200 1017 3256 familiar
1025 3218 1052 3256 to

129 3272 167 3313 us,
183 3255 273 3305 ‘flochs
285 3255 331 3303 and
342 3253 429 3302 herds.'
462 3255 598 3304 dementum
609 3256 629 3304 is
640 3256 731 3315 always
745 3262 773 3304 ‘a
784 3258 852 3305 beast
863 3259 894 3306 of
906 3261 1039 3316 burthen’

158 3322 166 3346 ¹
177 3315 239 3363 This
248 3313 314 3362 word
325 3314 346 3361 is
357 3314 464 3373 wanting
475 3313 500 3360 in
511 3314 550 3362 the
562 3315 736 3374 manuscripts·
754 3317 796 3363 but
808 3315 886 3365 either
898 3319 927 3377 it,
938 3336 969 3370 or
979 3341 1051 3375 soma

126 3388 293 3436 synonymcus
303 3373 371 3430 verb,
383 3371 404 3420 is
415 3387 544 3432 necessary
554 3383 579 3420 to
590 3374 709 3478 complete
720 3384 729 3421 t
773 3389 852 3423 sense.

148 3439 159 3466 ⁸
172 3434 207 3484 ‘A
219 3433 334 3486 doubtful
350 3431 399 3483 and
412 3431 485 3484 blind
493 3431 650 3484 saluatione

175 3493 229 3545 hu
318 3495 400 3549 11¹⁸
666 3432 1051 3504 atimrauen'xnaaxgnmtm

108 3508 177 3560 song
230 3511 317 3550 cuca
342 3510 394 3548 aru.
