2274 3772
489 221 581 262 ursan
600 222 644 260 rx.
961 203 1016 258 281

113 332 149 384 At
167 329 315 383 Critobulus
332 329 440 382 tandem
458 328 502 381 vel
520 329 601 395 finito,
616 328 659 381 vel
677 327 842 381 dissimulato
861 336 943 397 metu,
962 327 1020 380 hor·

114 400 162 452 teri
175 417 237 452 enm
250 400 344 468 coepit,
358 408 386 451 ut
399 415 427 450 se
441 397 629 451 continendum
644 399 800 468 praeberet‚¹
813 398 876 452 dum
888 397 1020 466 spiculum

113 469 256 521 evelleret:
278 470 360 521 etiarn
381 468 470 520 levem
487 468 601 536 corporis
619 478 720 520 motum
739 467 848 520 noxium
866 466 929 519 fore.
964 468 1022 520 Rex

113 555 174 591 cum
194 537 362 606 affirmasset,
375 537 440 590 nihil
458 553 525 606 opus
541 553 601 589 esse
620 537 660 605 iis,
678 537 723 606 qui
744 546 830 589 semet
849 537 1020 605 continerent,

113 608 180 660 sicut
204 617 377 686 praeceptum
399 614 464 675 erat²
482 607 541 659 siue
560 617 633 659 motu
661 605 781 676 praebuit
801 621 904 675 corpus.
940 606 1022 674 Igitur

113 677 245 746 patefacto
266 676 345 729 latius
363 675 480 743 vulnere,
502 684 529 727 et
548 675 650 744 spiculo
674 675 770 744 evolso,
792 676 886 742 ingens
903 675 944 726 vis
963 693 1022 727 sau·

110 747 201 814 guinis
220 762 328 798 manare
346 747 440 814 coepit,
454 745 589 814 linquique
607 745 695 798 auimo
707 761 761 813 rex,
775 753 801 797 et
813 744 926 812 caligine
939 743 1023 796 oculis

111 816 204 883 offusa,
218 815 300 867 veluti
313 813 484 866 moribundus
496 813 625 867 extendi.2
659 815 780 882 Cumque
798 814 956 883 profluvium
967 830 1023 865 me-

111 885 271 936 dicamentis
291 882 386 936 frustra
409 883 567 953 inhiberent,
587 883 687 936 clamor
704 881 783 935 simul
806 893 886 952 atque
909 884 1024 951 ploratus

112 954 259 1006 amicorum
288 953 376 1022 oritur,
405 970 496 1020 regem
525 954 662 1020 expirasse
692 952 866 1005 credentium.
902 951 1024 1004 Tandem

112 1023 230 1074 constitit
250 1023 364 1091 sanguis,
384 1022 567 1090 paulatimque
587 1023 707 1074 animum
730 1021 839 1090 recepit,
861 1030 887 1073 et
910 1023 1023 1073 circum·

113 1100 213 1143 stames
225 1091 313 1159 coepit
325 1108 477 1160 agnoscere.
513 1093 578 1143 Toto
591 1107 622 1143 eo
634 1091 679 1143 die
696 1108 729 1143 ac
748 1100 832 1160 nocte,
845 1107 914 1160 quae
933 1098 1024 1142 secuta

113 1169 161 1228 est,
173 1169 293 1212 armatos
307 1162 439 1214 exercitus
456 1160 555 1228 regiam
568 1159 680 1228 obsedit,
692 1159 830 1213 confessus
841 1176 935 1212 omnes
945 1160 1024 1212 unius

113 1231 203 1298 spiritu
217 1231 315 1281 vivere.
351 1230 410 1282 Nec
428 1231 500 1299 prius
520 1237 692 1297 recesserunt,
705 1247 785 1298 quarn
798 1238 962 1298 compertum
975 1237 1022 1297 est,

113 1314 205 1352 somno
227 1299 360 1368 paulisper
377 1299 556 1369 acquiescere.
592 1300 661 1352 Hinc
679 1299 819 1351 certiorem
837 1315 913 1368 spem
931 1296 1024 1351 salutis

113 1368 171 1437 ejus
183 1369 208 1420 iu
222 1377 308 1420 castra
320 1369 483 1421 rettulerunt.
667 1411 670 1415 .
776 1398 778 1402 ·

149 1441 189 1489 23.
208 1439 266 1491 Rex
290 1447 393 1508 septem
415 1439 511 1491 diebus
530 1437 756 1505 curatorulnere,
774 1437 890 1490 necdum
910 1433 1025 1488 obducta

112 1507 246 1559 cicatrice³
268 1523 329 1560 cum
351 1507 478 1575 audisset,
496 1507 662 1561 convaluisse
681 1506 753 1576 apud
766 1505 899 1562 ,barbaros
921 1504 1023 1557 famam

112 1576 203 1628 mortis
222 1592 295 1645 suae,
314 1577 418 1630 duobus
437 1577 551 1645 navigiis
568 1576 673 1646 junctis,
692 1577 771 1630 statui
791 1577 818 1629 iu
837 1575 956 1628 medium
977 1590 1024 1626 uu·

111 1646 192 1714 dique
205 1663 270 1698 cons
290 1647 379 1699 icuum
393 1646 593 1700 tabernaculum
604 1646 702 1715 jussit‚⁴
713 1663 746 1699 ex
759 1663 811 1715 quo
825 1662 854 1698 se
872 1643 1024 1698 ostenderet

149 1715 214 1767 risse
226 1733 253 1767 cr
290 1717 406 1768 entibus.
444 1717 660 1785 Conspectusque
671 1715 707 1768 ab
720 1715 813 1768 incolis
822 1731 896 1783 spem
908 1711 1024 1767 hostiurn

123 1785 180 1836 also
204 1785 295 1851 nuntio
323 1794 482 1854 conceptam
506 1784 629 1838 inhibuit.
677 1784 799 1837 Secundo
822 1782 919 1836 deinde
942 1796 1023 1833 amna

112 1853 244 1921 defluxit,⁵
262 1853 429 1922 aliquantum
449 1853 580 1906 intervalli
599 1871 616 1904 a
634 1860 724 1905 cetera
743 1853 829 1904 classe
849 1850 1023 1921 praecipiens,

112 1939 147 1974 ne
167 1923 247 1990 quies
270 1923 369 1991 corpori
388 1922 504 1974 invalido
522 1921 610 1974 adhuc
629 1922 780 1973 necessaria
796 1920 874 1990 pulsu
893 1933 1025 1972 remorum

112 1991 294 2058 impediretur.
332 1991 439 2059 Quarto,
456 1999 592 2060 postquam
612 1990 737 2057 navigare
755 1999 885 2058 coeperat,
905 1989 949 2042 die
968 2000 1024 2056 per·

114 2061 187 2112 venit
201 2060 226 2111 in
240 2060 375 2128 regionem
394 2060 528 2114 desertam
546 2059 654 2127 quidem
666 2060 701 2111 ab
715 2059 815 2128 incolis,
828 2058 875 2111 sed
893 2057 1025 2110 frumento

114 2139 140 2181 et
154 2128 295 2196 pecoribus
305 2128 495 2184 abundantem.
534 2129 633 2185 Placuit
646 2129 669 2181 is
681 2128 755 2181 locus
766 2136 793 2181 et
805 2127 839 2180 ad
852 2145 936 2196 suam,
951 2133 978 2179 et
990 2124 1024 2178 ad

113 2199 229 2251 militurn
247 2201 375 2267 requiem.
412 2199 474 2252 Mos
491 2207 547 2251 erat
565 2198 727 2268 principibus
743 2199 890 2251 amicorum
901 2207 928 2250 st
940 2204 1026 2248 custo·

114 2268 194 2320 dibus
210 2268 344 2337 corporiqf
361 2270 495 2321 excubare
512 2278 574 2321 ante
593 2271 761 2338 praetorium,
775 2269 896 2337 quotiens
913 2265 1026 2319 adversa

115 2337 170 2403 regi
194 2337 319 2389 valetudo
342 2337 489 2390 incidisset.
525 2339 583 2391 Hoc
604 2348 662 2391 tum
685 2349 790 2406 quoque
813 2353 887 2390 more
912 2341 1024 2412 seruato²

115 2406 232 2458 universi
244 2406 399 2459 cubiculum
412 2406 471 2459 e'us
483 2407 589 2459 intrant.
625 2407 674 2459 Ille
693 2406 826 2474 sollicitus,
840 2403 951 2472 nequid
965 2417 1026 2453 nour

114 2475 247 2544 afferrent,
273 2476 335 2544 quia
358 2477 426 2528 mmo
462 2484 596 2546 venerant,
621 2485 796 2545 percontatur,
821 2491 885 2526 uum
909 2471 1026 2524 hostium

118 2561 212 2596 recens
224 2546 388 2597 nuntiaretur
399 2545 538 2598 adrentus.

152 2618 192 2666 24.
212 2617 248 2667 At
266 2615 395 2683 Craterus,
415 2614 460 2667 cui
477 2614 635 2667 mandatum
651 2621 715 2682 erat,
729 2621 757 2666 ut
774 2611 920 2665 amicorum
932 2625 1028 2680 preces

145 2749 152 2771 ¹
166 2743 222 2791 ‘To
232 2743 305 2791 allow
316 2742 417 2791 himself
424 2753 449 2793 to
460 2745 490 2792 be
503 2744 559 2793 held
570 2744 634 2792 fast.'

144 2802 305 2850 ''Darhuess
324 2803 410 2861 spread
426 2819 484 2850 over
494 2803 532 2851 his
543 2819 611 2864 eyes,
624 2803 670 2851 aud
686 2802 717 2851 he
732 2800 855 2850 stretched
870 2800 972 2850 himself
985 2811 1027 2852 out

118 2861 166 2910 lihe
178 2877 192 2908 a
202 2861 276 2922 dying
287 2861 360 2910 mun!
393 2861 499 2910 Emeum
513 2863 655 2911 sometimes
671 2861 715 2909 has
726 2877 740 2909 a
750 2859 835 2921 purely
845 2859 941 2920 passive
953 2860 1026 2921 signi-

117 2921 222 2974 ficatiou,
235 2920 377 2968 sometimes
388 2936 403 2968 a
413 2921 536 2970 reflective
547 2922 583 2969 for
594 2939 620 2970 se
629 2923 757 2970 estendere.

146 2979 265 3027 ³¹Besore
277 2979 318 3026 the
330 2979 418 3028 wound
430 2994 480 3028 was
491 2980 635 3028 cicatrized.’

146 3044 155 3067 ⁴
168 3039 221 3086 ‘He
237 3038 337 3086 ordered
348 3054 362 3086 a
373 3049 424 3086 tent
435 3040 522 3087 visible
537 3039 599 3088 from
615 3039 648 3087 all
662 3038 728 3088 sides
743 3047 770 3087 to
784 3039 815 3087 be
832 3037 930 3087 erocted
946 3036 970 3084 in
985 3034 1027 3083 the

119 3097 224 3146 middle.¹
259 3097 288 3144 lu
299 3100 373 3145 medio
383 3098 464 3146 would
475 3100 536 3147 have
548 3101 609 3147 been
622 3113 687 3146 more
698 3113 817 3146 common.
968 3153 973 3163 ‚

148 3164 156 3188 ¹
166 3162 172 3183 ‘
181 3157 219 3204 He
226 3156 303 3204 sailed
311 3156 383 3204 down
391 3157 431 3204 the
438 3157 524 3206 river:’
533 3167 619 3206 sentus
626 3160 750 3214 secundas,
761 3153 935 3205 ‘afavourable
942 3152 1026 3210 wrnd3’

118 3232 186 3263 amne
195 3219 303 3270 amardo,
316 3216 403 3264 ‘doun
415 3216 455 3264 the
466 3218 554 3274 river3’
568 3218 620 3265 thet
629 3219 658 3272 is,
667 3219 784 3265 exundas
796 3215 867 3274 being
878 3213 914 3261 for
925 3227 1027 3272 sequen·

119 3277 174 3329 dae,
186 3274 247 3322 from
263 3277 339 3335 sequi,
355 3275 428 3322 ¹with
445 3276 486 3339 tho
501 3278 573 3332 river,
587 3293 614 3324 us
624 3276 642 3324 it
654 3291 727 3333 were,
739 3274 864 3334 following
876 3271 917 3320 the
928 3270 1026 3320 rossel!

121 3333 175 3380 The
187 3334 295 3392 opposite
307 3343 331 3380 to
342 3337 459 3382 secundus
471 3336 491 3383 is
501 3338 623 3384 aduersus.
785 3390 791 3400 ⁸

148 3397 157 3422 ⁸
168 3391 224 3440 The
234 3394 304 3442 amici
312 3408 352 3443 are
364 3394 405 3442 the
417 3393 512 3445 leaders
523 3395 549 3444 of
558 3389 899 3444 rheumatismum
908 3380 1069 3434 *ihm*

120 3449 160 3497 the
169 3454 276 3500 custodes
285 3456 388 3517 corporis
400 3453 444 3505 the
454 3458 655 3519 σωματοφύλακες.

568 3519 621 3570 ut‘l
