2274 3772
469 201 562 242 arear
582 201 621 241 vr.
944 185 998 237 165

92 329 191 394 essem,
202 321 320 366 oetemm
338 311 456 365 misereri
473 328 573 379 eorum,
585 308 682 378 quibus
699 296 844 362 vivendum
861 318 932 360 esset
949 307 1001 361 sub

93 398 133 452 eo,
146 398 192 451 qur
205 381 313 434 modum
324 381 440 434 hominis
451 380 600 434 excederet.
636 378 709 431 Haeo
726 387 786 432 sunt
804 379 886 430 etiam
896 377 1000 447 pridem

93 452 176 504 animi
198 451 304 504 alienati
328 467 345 502 a
368 451 422 502 me¹
446 465 472 502 et
496 448 638 501 invidentis
659 448 757 517 gloriae
781 464 858 501 meae
883 447 998 500 indicia:

93 537 162 589 quae
174 521 308 590 equidem,
321 519 425 588 milites,
439 519 567 588 quamdiu
586 518 666 588 licuit,
680 518 706 570 in
723 517 811 570 animo
828 534 889 569 meo
907 516 999 586 pressi.

94 590 210 642 Videbar
232 590 304 642 enirn
328 588 394 641 mihi
412 599 516 658 partem
537 590 667 640 viscerum
686 603 806 639 meorum
825 586 1002 656 abrumpere,¹

94 659 125 728 si,
146 660 172 713 in
192 675 257 728 quos
277 669 331 711 tam
351 674 447 726 magna
465 658 635 726 contuleram,
657 656 761 708 viliores
785 655 850 709 mihi
874 656 999 708 facerem.
1086 720 1089 728 Ι

94 728 146 781 Sed
163 729 219 798 jam
238 745 287 779 non
306 727 387 780 verba
405 728 538 796 punienda
555 735 631 778 sunt:
655 726 761 793 linguae
785 726 920 777 temeritas
943 742 1000 795 per·

94 798 166 849 venit
178 796 212 848 ad
224 795 335 864 gladios.
370 797 432 866 Hos,
445 796 467 849 si
479 795 544 848 mihi
563 794 677 864 creditis,
696 794 813 848 Philotas
826 795 852 846 in
863 811 908 847 me
920 795 1000 847 acuit.

94 866 124 919 ld
149 868 170 918 si
194 867 250 936 ipse
273 865 387 925 admisit,
408 872 460 934 quo
484 883 528 918 me
552 865 693 932 conferam,
714 864 832 917 milites'l
855 865 897 916 cni
922 875 1001 933 caput

94 953 185 988 meum
206 935 334 987 credamf
371 935 514 1003 Equitatui,
530 935 646 1004 optimae
666 935 798 987 exercitus
816 936 891 1015 parti,
928 934 1001 986 rinci·

67 1010 70 1015 '
94 1005 173 1074 pibus
194 1002 380 1056 nobilissimae
409 1003 563 1082 juventutis,
593 1020 676 1056 unum
705 1003 850 1071 praefecrt⁸
878 951 1000 1072 salutem,

95 1090 180 1142 spem,
198 1073 336 1125 victoriam
352 1090 441 1125 meam
457 1073 520 1125 fidei
539 1090 598 1143 eJus
616 1072 768 1141 tutelaeque
787 1073 919 1125 commisi.
956 1073 1003 1125 Pa·

95 1151 163 1195 tretn
183 1142 208 1213 in
228 1141 298 1194 idern
318 1141 461 1210 fastigium,
481 1143 508 1194 in
530 1160 582 1211 quo
600 1158 644 1194 me
663 1143 711 1210 ipsi
730 1142 860 1211 posuistis,
878 1141 1001 1194 admovi:

95 1211 224 1280 Mediam,
237 1211 374 1279 quentilla
392 1212 538 1280 opulentior
555 1213 627 1280 regio
645 1221 693 1280 est,
706 1221 733 1264 et
751 1219 788 1263 tot
805 1212 903 1263 civium
922 1213 1002 1262 socio·

96 1296 205 1348 rumque
225 1280 299 1333 milia
316 1281 427 1350 imperio
445 1281 504 1334 e'us
521 1281 670 1350 dicionique
689 1280 798 1350 subjeci.
834 1281 911 1333 Unde
929 1297 1002 1350 prae-

96 1349 194 1420 sidium
210 1351 348 1421 petieram,
367 1351 514 1420 pericuum
535 1352 629 1404 extitit.
664 1351 751 1410 Quam
771 1349 882 1403 feliciter
901 1350 926 1402 in
944 1350 1003 1402 acie

95 1418 260 1487 occidissem,
274 1419 360 1489 potius
373 1420 456 1473 hostis
468 1421 573 1490 praeda,
587 1437 665 1490 quam
683 1420 751 1473 civis
761 1418 887 1472 victima!
925 1419 950 1471 N
953 1435 1003 1472 unc

95 1496 214 1540 servatus
231 1506 265 1541 ex
301 1488 414 1556 ericulis,
452 1507 501 1542 nae
520 1491 575 1541 sala
594 1491 676 1561 timui,
696 1490 721 1542 in
740 1489 808 1542 haec
826 1488 913 1557 incidi,
932 1500 1003 1558 qnae

95 1557 189 1610 timere
204 1575 255 1610 non
292 1559 374 1611 ebui.⁴
408 1507 503 1612 Stlletis
521 1560 665 1612 identidem
683 1577 701 1611 a
717 1577 770 1629 me,
784 1558 890 1627 milites,
903 1569 1001 1628 petere,

94 1635 124 1679 ut
143 1626 220 1679 saluti
239 1644 317 1680 meae
338 1646 455 1698 parcam.
491 1629 545 1699 lpsi
562 1628 629 1681 mihi
649 1639 783 1698 praestare
799 1629 915 1698 potestis,
932 1627 1002 1696 quod

95 1697 214 1748 suadetis
232 1708 260 1750 ut
279 1697 384 1750 faciam.
421 1697 462 1750 Ad
476 1708 577 1751 vestras
595 1716 695 1765 manus,
709 1698 741 1750 ad
756 1707 841 1750 vestra
857 1715 931 1750 arma
943 1714 1002 1750 oon·

94 1765 179 1832 fugio:
193 1767 283 1819 invitia
293 1768 370 1821 vobis
381 1767 470 1820 salvus
482 1784 541 1819 ease
554 1768 627 1820 nolo:
642 1768 809 1836 volentibus,⁶
821 1785 870 1819 non
884 1784 1001 1836 possum,

95 1834 145 1886 nisi
158 1835 284 1888 vindicor.

130 1907 171 1955 ³5.
189 1905 256 1956 Tum
272 1905 411 1974 Philotam,
425 1905 542 1973 religatis
553 1912 726 1975 post‘tergnm
740 1905 872 1972 manibus,
885 1904 1003 1957 obsoleto

94 1973 211 2025 amiculo
223 1973 340 2026 velatum
357 1974 434 2044 jussit
448 1975 545 2027 induci.
582 1975 671 2026 Facile
682 1973 833 2044 apparebat,
847 1983 931 2025 motos
943 1989 1003 2026 esse

96 2049 151 2094 tam
169 2042 311 2096 miserabili
330 2043 421 2096 habitu
440 2060 489 2097 non
509 2044 566 2097 sine
585 2043 684 2095 invidia
695 2043 772 2112 paulo
784 2054 846 2096 ante
859 2043 1001 2112 conspecti.
1020 2094 1026 2103 ,

95 2111 198 2164 Ducem
218 2113 351 2181 equitatus
368 2114 452 2182 pridie
469 2113 589 2167 viderant
597 2129 604 2181 3
624 2113 751 2181 sciebant,
765 2113 837 2181 regis
851 2112 1002 2166 interfuisse

95 2180 226 2258 convivio.
262 2182 381 2251 Repente
393 2201 444 2236 non
457 2200 533 2236 reum
545 2182 662 2252 quidem,
676 2182 722 2235 sed
739 2183 820 2236 etiam
838 2183 1000 2250 damnatum,

95 2265 177 2301 immo
196 2250 323 2319 vinctum,
345 2252 533 2306 intuebantur.⁸
568 2252 675 2304 Subibat
695 2252 799 2304 animos
822 2251 1004 2305 Parmenionis

95 2333 210 2387 quoqne,
223 2321 288 2371 tanti
302 2320 384 2387 ducis,
397 2332 453 2375 tam
465 2322 529 2374 clari
541 2322 615 2390 civis,
630 2321 739 2390 fortuna,
752 2322 797 2391 qui
809 2321 887 2374 modo
899 2319 1003 2373 duobus

95 2386 164 2456 filiis,
183 2388 295 2440 Hectore
313 2405 345 2441 ac
362 2391 501 2458 Nicanore,
514 2391 628 2459 orbatus,
641 2407 704 2442 cnm
719 2406 759 2459 eo,
776 2406 856 2460 quem
871 2389 1001 2459 reliquum

94 2454 233 2508 calamitas
250 2457 356 2527 fecerat,
369 2459 468 2512 absens
483 2461 582 2512 diceret
594 2461 723 2512 oausam.⁷
758 2459 850 2528 ltaque
862 2462 1001 2528 Amyntas,

96 2526 186 2594 regius
197 2535 309 2596 praetor,
322 2528 476 2581 inclinatam
488 2528 522 2580 ad
535 2527 741 2581 misericordiam
753 2529 901 2580 contionem
915 2543 1003 2580 rursus

123 2677 132 2701 ¹
144 2672 243 2722 ‘These
253 2688 292 2721 are
303 2674 382 2732 proofs
393 2675 445 2723 that
455 2675 493 2724 his
500 2673 566 2723 mind
574 2689 625 2722 was
634 2673 753 2722 alienated
760 2674 821 2722 from
830 2689 869 2722 me
876 2690 936 2723 even
946 2634 1002 2736 lon}

94 2747 171 2838 11εῇῙ
182 2789 224 2838 felt
235 2807 262 2839 as
274 2791 295 2839 if
301 2791 314 2839 Ι
324 2807 388 2840 were
400 2793 492 2854 tearing
503 2808 597 2900 awapa
607 2802 660 2852 part
671 2792 699 2840 of
705 2808 747 2852 my
756 2807 813 2841 own
823 2792 908 2841 beart!
946 2792 1000 2843 Vis·

92 2866 146 2898 cera
156 2865 196 2898 ere
203 2849 245 2898 the
254 2850 330 2907 beart,
340 2851 407 2907 livor,
417 2851 497 2914 lunge,
506 2852 553 2900 and

93 2923 121 2956 as
131 2919 197 2957 seats
208 2909 240 2957 of
247 2909 344 2971 feeling.

123 2968 170 3015 ¹⁴1
181 2969 242 3016 have
254 2969 325 3037 giren
336 2969 386 3017 him
397 2970 438 3018 the
454 2970 506 3018 sole
522 2969 649 3019 command
664 2968 693 3017 of
703 2969 745 3017 the
760 2971 857 3031 cavalry
864 2970 881 3028 ς’
899 2986 930 3019 an
945 2971 999 3019 inti·

93 3026 184 3075 motion
195 3027 247 3075 that
259 3028 306 3075 thre
317 3029 444 3077 command
456 3045 505 3077 was
516 3028 656 3076 afterwards
666 3028 753 3078 shared
763 3030 875 3078 between
885 3039 941 3078 two.

122 3086 370 3193 :trranrrr
380 3088 494 3194 rna
505 3086 678 3195 trram

121 3209 150 3284 ⁸,‘
159 3161 231 3264 Thly
239 3181 360 3265 suddenly'
369 3221 419 3252 saw
431 3163 493 3262 hinl:
503 3217 544 3253 not
556 3206 647 3266 merely
658 3222 684 3254 ee
695 3220 726 3254 an
736 3206 839 3255 accused
849 3183 944 3265 person,
956 3207 1000 3256 but

93 3277 131 3347 ml
144 3262 247 3370 gaam
260 3319 335 3370 dicere
351 3322 372 3370 is
388 3322 480 3383 always
496 3323 591 3371 caldos
607 3323 714 3373 accased
729 3337 848 3383 persons,
861 3327 908 3366 *aa
919 3321 1021 3386 §dem

94 3379 242 3436 onds-sels)
259 3380 315 3429 bere
332 3381 356 3428 in
372 3382 413 3430 the
430 3398 503 3433 sense
513 3381 540 3433 of
555 3382 742 3433 ‘tobeloraeh
752 3391 783 3430 to
797 3369 1028 3428 belesham&

94 3443 133 3485 ‘to
143 3438 174 3486 be
180 3440 325 3504 gneneusly
336 3441 454 3494 blamed?

577 2850 671 2912 taneya,
681 2851 761 2900 which
769 2867 833 2901 were
841 2851 930 2901 loolred
937 2867 1001 2913 upon
