2274 3772
111 98 165 152 luc
370 112 408 151 ua
433 111 539 151 cnsrrs
561 111 744 191 stefanum.

108 221 288 277 Macedonum
308 218 440 288 paucitate
459 227 600 287 conspecta
625 228 725 272 turmas
744 219 771 272 in
787 217 882 272 obvios
902 219 1017 273 concita·

109 300 210 342 verunt.
246 291 317 340 Ante
341 287 414 354 signa
438 304 483 340 rex
507 288 568 356 ibat,
592 258 755 343 dissimulato
779 287 866 356 magis
890 288 1016 358 periculo,

111 375 188 428 quam
202 367 297 425 spreto.
332 357 391 410 Nec
407 355 492 408 deluit
505 358 528 409 ei
542 366 668 436 perpetua
686 359 712 409 in
729 356 816 412 dubiis
833 356 914 410 rebus
933 357 1017 411 felici·

112 437 163 480 tas:
184 442 298 494 namque
310 424 474 494 praefectum
487 435 619 494 equitatus
637 425 743 479 avidum
761 426 924 496 certaminis,
938 437 968 479 et
984 426 1017 480 ob

111 497 136 548 id
158 497 243 564 ipsum
264 495 396 546 incautius
415 495 441 546 in
463 512 491 546 ec
512 506 639 562 ruentem,
659 494 735 546 hasta
756 494 893 564 transfixit,
910 512 964 564 quo
985 512 1018 550 cx

112 581 177 633 equo
196 563 276 633 lapso,
295 563 451 632 proximum,
464 580 496 615 ac
516 564 578 616 dein
596 563 685 632 plures
703 563 798 616 eodem
818 562 870 615 telo
892 564 1016 618 confodit.

113 635 232 686 [nvasere
247 633 362 685 turbatos
373 632 453 684 amici
466 649 584 701 quoque:
603 649 653 684 nec
671 634 766 685 Persae
782 632 856 685 inulti
875 633 1016 703 cadebant,

112 704 207 771 quippe
220 718 270 754 non
289 701 427 754 universae
445 703 526 770 acies,
539 718 620 770 quam
637 700 689 753 hac
707 700 893 754 tumultuariae
912 721 1016 772 manus,

112 770 296 824 vehementius
307 770 389 822 iniere
401 778 546 822 certamen.
581 770 701 822 Tandem
711 770 822 839 barbari,
832 787 896 823 cum
905 771 1017 826 obscura

110 840 170 892 luce
183 840 262 892 tutior
274 839 336 907 suga
353 838 487 891 videretur
504 856 563 892 esse
582 855 663 907 quam
680 856 775 909 pugna,
788 838 917 908 dispersis
933 842 1017 911 agmi-

110 908 189 961 nibus
206 909 304 960 abiere.
339 907 403 976 Rex,
424 908 625 961 extraordinario
643 906 759 978 periculo
776 907 928 979 defunctus,
948 911 1017 964 inco·

111 977 198 1030 lumes
209 994 270 1029 suos
282 975 385 1030 reduxit
397 977 422 1029 in
434 987 528 1029 castra.

145 1051 187 1099 63.
205 1045 330 1099 Cecidere
349 1046 496 1114 Persarum,
535 1063 626 1098 uorum
646 1062 788 1098 numerum
805 1045 922 1100 victores
939 1047 1018 1103 finire

111 1123 256 1184 potuerunt,
269 1113 343 1167 milia
359 1115 412 1184 XL,
430 1062 609 1168 Macedonum
627 1115 715 1166 minus
732 1132 812 1184 quam
831 1114 896 1168 CCC
914 1116 1018 1173 deside·

112 1184 160 1237 rati
183 1193 251 1237 sunt.
295 1184 418 1237 Ceterum
442 1183 511 1237 hanc
533 1183 669 1236 victoriam
693 1200 743 1236 rcx'
761 1182 860 1254 majore
884 1201 921 1239 ex
943 1197 1019 1256 parts

111 1254 207 1322 virtuti,
228 1271 309 1322 quam
327 1253 447 1306 fortunae
468 1270 531 1305 suas
551 1252 657 1305 debuit:
682 1252 778 1324 animo,
799 1269 858 1321 non,
879 1262 911 1307 ut
929 1266 1018 1327 autes,

111 1322 168 1376 loco
180 1323 250 1375 vicit.
285 1323 356 1375 Nam
368 1330 394 1374 ct
412 1322 498 1375 aciem
517 1320 674 1391 peritissime
692 1322 819 1391 instruxit,
832 1330 859 1375 et
877 1327 1019 1395 promptis-

112 1392 178 1444 sime
202 1392 258 1460 ipsc
275 1391 408 1459 pugnavit,
427 1399 454 1442 et
471 1407 566 1458 magno
584 1390 691 1453 consilio
707 1391 835 1459 jacturam
854 1393 1020 1449 sarcinarum

113 1460 414 1529 impedimentorumque
432 1460 597 1529 contempsit,
616 1477 678 1513 cum
697 1460 721 1512 in
742 1460 798 1529 ipsa
816 1460 875 1515 acie
894 1474 1020 1518 summac

112 1528 151 1581 rei
170 1528 270 1580 videret
294 1544 353 1581 esse
376 1527 519 1581 discrimen
537 1528 617 1582 dubio
635 1546 670 1581 us
690 1527 777 1581 adhuc
795 1544 900 1608 pugnae
920 1541 1021 1587 eventu

112 1613 157 1666 pro
180 1598 278 1649 victore
301 1613 330 1648 se
353 1597 442 1666 gessit,
463 1598 597 1667 perculsos
618 1546 715 1650 deinde
738 1596 852 1651 hostium
876 1597 956 1671 fudit,
980 1600 1021 1657 iu·

112 1667 222 1734 gientes,
247 1664 318 1734 quud
341 1666 368 1720 in
390 1665 436 1718 illo
459 1665 551 1718 ardore
573 1665 656 1719 animi
678 1667 723 1719 vix
745 1666 818 1719 credi
841 1675 938 1739 potest,
959 1687 1021 1740 pru·

112 1735 217 1789 dentius
228 1752 309 1804 quam
320 1735 424 1788 avidius
435 1745 590 1806 persecutus
602 1744 649 1788 est.
685 1736 755 1789 Nam
767 1735 789 1788 si
801 1744 875 1805 parte
884 1740 1022 1794 exercitus

112 1804 200 1857 adhuc
220 1805 245 1858 in
266 1805 325 1857 acie
345 1813 439 1875 stante,
460 1805 556 1858 instare
576 1804 733 1857 cedentibus
750 1817 957 1878 perseverasset,
972 1816 1022 1863 ant

113 1874 191 1942 culpa
210 1891 257 1927 sua
278 1873 364 1927 victus
381 1882 460 1943 essct,
475 1883 521 1927 ant
539 1873 625 1926 aliena
645 1873 741 1926 virtute
760 1873 876 1926 vicisset.
914 1877 978 1931 Jam
998 1879 1021 1932 si

114 1943 310 1995 multitudinem
328 1944 448 2013 equiturn
465 1943 656 1996 occurrentium
676 1941 847 2013 extimuisset,
860 1942 958 1999 victori
974 1958 1021 2000 aut

114 2010 192 2063 foede
219 2011 384 2081 fugiendum,
408 2020 454 2064 aut
480 2011 663 2065 miserabiliter
686 2010 834 2063 cedendum
858 2011 931 2065 fuit}
976 2017 1021 2071 Na

114 2080 196 2131 duces
216 2080 324 2148 quidem
345 2080 479 2149 copiarum
498 2098 545 2132 sua
566 2079 644 2132 laude
663 2078 804 2132 fraudandi
822 2091 898 2150 sunt5
920 2085 1021 2156 quippe

114 2148 228 2216 vulnera,
242 2165 310 2216 quae
323 2149 433 2217 quisque
446 2151 556 2217 excepit,
566 2148 660 2201 indicia
673 2148 849 2202 virtutissunt.
881 2150 1021 2223 Hephaes-

115 2217 191 2269 tionis
208 2216 345 2269 brachium
365 2216 441 2270 hasta
463 2217 545 2269 ictum
569 2227 624 2269 est:
650 2217 781 2284 Perdicca,
801 2226 828 2269 et
847 2219 974 2290 Coenos,⁸
994 2233 1022 2277 st

113 2285 244 2355 Menidas,
258 2286 360 2354 sagittis
378 2303 457 2355 prope
475 2286 564 2339 occisi.
600 2287 641 2355 Et,
656 2287 678 2338 si
696 2303 757 2338 vere
769 2287 911 2342 aestimare
926 2292 1021 2347 Maco-

113 2356 202 2424 donas,
216 2356 261 2424 qui
277 2366 337 2408 tunc
355 2364 436 2424 erant,
455 2356 585 2424 volumus,
604 2354 750 2423 fatebimur,
765 2364 791 2407 et
810 2373 907 2424 regam
919 2361 1023 2417 talibus

112 2425 243 2493 ministris,
257 2435 284 2477 et
297 2425 353 2477 illos
365 2434 437 2478 tanto
451 2443 511 2492 rege
525 2424 606 2477 luisse
619 2423 796 2491 dignissimos.

141 2525 147 2546 ¹
160 2519 206 2566 Sec
217 2519 295 2567 Graan.
306 2519 319 2570 1
330 2522 380 2566 346.
403 2518 450 2566 We
459 2535 511 2579 say.
524 2518 577 2565 ‘Ha
585 2517 666 2565 would
675 2516 734 2564 have
745 2518 806 2565 been
813 2518 911 2580 obliged
922 2532 951 2571 to
961 2525 1021 2575 tall!

140 2577 213 2624 ²Thc
224 2577 333 2637 ordinary
344 2577 418 2625 forms
434 2594 482 2633 arc,
495 2577 619 2626 Perdiccas
630 2575 676 2623 end
690 2574 789 2624 Coenus.
820 2576 935 2629 Perdicca
947 2583 970 2632 is
980 2585 1023 2635 the

112 2633 235 2684 Latinised
245 2636 305 2684 form
316 2644 365 2692 (see
378 2636 475 2696 Zumpt,
489 2636 559 2691 146),
572 2635 619 2683 and
632 2634 719 2682 Coenos
731 2633 771 2682 the
782 2635 884 2696 original
896 2638 993 2692 Greek.
