2274 3772
446 239 448 242 ,
490 200 583 241 urana
603 200 655 240 vrr.
967 184 1027 242 207

114 310 219 381 sagitta,
233 319 332 380 patera.
369 310 419 363 His
435 311 532 363 utimsr
550 318 576 362 et
594 327 658 362 cum
675 308 771 361 amicis
789 316 815 360 et
833 308 962 361 adversus
979 310 1028 362 ini·

114 383 204 434 rnioos.
226 394 228 399 ⁴
244 381 344 450 Fruges
356 381 451 433 amieis
463 380 559 433 damus
571 381 651 432 bourn
664 379 752 431 labore
764 379 915 447 quaesitas;
928 381 1028 447 patera¹

115 468 177 504 cum
197 450 292 503 iisdem
312 451 404 503 vinum
424 449 474 502 diis
494 450 625 518 libamus,
649 449 772 501 inimicos
795 449 891 516 sagitta
914 452 1027 518 eminus,

115 521 191 573 hasta
209 521 359 574 comminus
376 521 502 589 petimus.
539 520 581 572 Sic
600 519 691 589 Syriae
709 535 800 586 regern
817 528 843 570 et
860 528 952 589 postea
968 521 1028 572 Per·

116 608 205 644 sarum
223 591 420 660 Medorumque
439 590 630 660 superavimus,
644 589 782 658 patuitque
795 589 871 640 nobis
884 589 933 641 iter
944 606 1029 659 usque

115 661 141 713 in
162 661 337 730 Aegyptum?
373 665 408 712 At
429 670 465 728 tu,
487 659 532 728 qui
557 669 583 711 te
606 659 724 727 gloriaris
747 658 780 710 ad
805 658 919 711 latrones
941 677 1028 728 perse-

114 730 235 800 quendos
259 730 359 800 venire,
383 730 502 782 omnium
520 731 661 798 gentium,
686 745 754 798 quas
782 727 869 796 adisti,
895 729 960 781 latro
990 746 1029 805 es.

115 801 228 871 Lydiam
253 800 361 869 cepisti,
385 799 487 869 Syriam
511 800 664 868 occupasti,
687 797 824 851 Persidem
849 808 941 867 tenes,
966 799 1030 851 Bac-

116 874 212 922 trianos
236 869 320 922 habes
345 869 373 921 in
396 878 542 938 potestate,
572 869 651 921 Indos
674 868 781 937 petisti;
810 868 867 938 jam
890 869 1030 922 etiamad

114 956 211 1009 pecora
234 949 322 990 nostra
341 956 435 991 avaras
454 948 481 991 et
500 938 664 991 insatiabiles
687 955 782 990 manus
806 939 925 1007 porrigis,
960 939 1030 997 Quid

116 1009 163 1062 tibi
177 1009 276 1060 divitiis
287 1025 354 1078 opus
366 1019 414 1076 est,
427 1026 497 1077 quae
515 1008 615 1061 esurire
633 1008 752 1076 coguntl
787 1007 892 1064 Primus
909 1009 1031 1062 omnium

116 1080 239 1132 satietate
258 1080 355 1146 parasti
375 1079 474 1130 famem
484 1095 491 1144 ;
510 1088 538 1130 ut
556 1095 607 1148 quo
626 1078 701 1147 plura
719 1076 840 1146 haberes,
853 1079 947 1147 acrius,
962 1096 1031 1147 quae

116 1165 167 1201 non
192 1147 283 1217 habes,
305 1165 426 1218 cuperes.
462 1149 521 1200 Non
546 1149 674 1201 succurrit
699 1147 754 1216 tibi,
776 1148 907 1216 quamdiu
930 1149 1031 1201 circum

116 1218 220 1270 Bactra³
243 1217 374 1270 haereas?
399 1219 463 1271 dum
486 1218 545 1271 illos
569 1217 676 1286 subigis,
701 1217 825 1285 Sogdiani
850 1217 951 1270 bellare
971 1235 1031 1270 coe·

115 1297 219 1356 parunt.
255 1287 358 1341 Bellum
385 1289 431 1341 tibi
455 1305 490 1340 ex
510 1289 620 1340 victoria
644 1287 769 1339 nascitur.
806 1287 877 1339 Nam
898 1296 927 1340 ut
948 1287 1032 1356 major

116 1357 257 1425 tortiorque
277 1358 314 1409 sis
331 1375 413 1427 quam
431 1360 580 1427 quisquam,
594 1367 684 1410 tamen
697 1357 875 1426 alienigenam
893 1357 1032 1412 dominum

117 1429 170 1496 pati
183 1443 262 1479 nemo
275 1427 339 1479 vult.
698 1439 700 1442 '
828 1454 831 1459 ⁹

150 1501 191 1548 35.
211 1497 304 1548 Transi
322 1497 401 1551 modo
419 1497 547 1550 Tanaim:
568 1497 646 1566 scies,
660 1513 742 1565 quam
758 1497 810 1550 late
823 1506 945 1567 pateant,
965 1515 1030 1550 nun·

115 1583 196 1636 quam
209 1576 298 1619 tamen
311 1569 482 1637 consequeris
499 1567 620 1638 Scythas.
657 1567 803 1636 Paupertas
814 1578 904 1620 nostru
918 1568 1032 1620 velocior

115 1637 170 1706 erit,
190 1655 271 1706 quam
291 1640 422 1690 exercitus
440 1646 508 1706 tuus,
527 1637 571 1706 qui
590 1637 719 1707 praedam
738 1647 774 1689 tot
792 1639 927 1690 nationum
948 1639 1030 1692 vehit.

114 1705 213 1760 Rursus
225 1724 288 1760 oum
304 1709 395 1776 procul
412 1708 509 1761 abesse
527 1724 575 1760 nos
592 1707 693 1776 credes,
707 1707 812 1761 videbis
824 1708 850 1760 in
864 1709 916 1760 tuis
929 1709 1030 1761 castris.

115 1777 218 1829 Eadem
233 1777 305 1829 enim
318 1777 460 1830 velocitate
473 1786 499 1830 et
512 1777 656 1846 sequimur,
669 1784 696 1829 et
708 1776 736 1829 su
757 1778 835 1830 imus.
872 1778 1031 1845 Scytharum

114 1846 270 1899 solitudines
293 1847 403 1899 Graecis
426 1848 509 1901 etiam
532 1845 678 1916 proverbiis
701 1795 780 1898 audio
801 1846 894 1899 eludi.⁴
928 1850 964 1900 At
983 1863 1032 1899 nos

114 1914 221 1968 deserta
240 1924 266 1967 et
286 1916 404 1969 humano
421 1916 495 1970 cultu
514 1933 603 1968 vacua⁴
617 1915 704 2036 mapis
723 1932 805 1984 quam
825 1916 904 1968 urbes
922 1925 949 1967 et
966 1933 1030 1984 opu-

693 1992 797 2039 rtunam
828 1993 903 2037 tuam
932 1986 1031 2054 pressis

114 2054 239 2116 manibus
251 2054 333 2107 tene.⁶
384 2055 475 2108 ubrica
483 2066 532 2123 est,
542 2070 593 2107 nec
604 2053 687 2106 invita
699 2055 783 2106 teneri
795 2063 890 2125 potest.
921 2055 1030 2108 Salubre

115 2124 256 2176 consilium
277 2141 394 2193 sequens
413 2142 494 2194 quam
513 2140 641 2193 praesens
660 2132 768 2193 tempus
787 2125 903 2178 ostendit
923 2125 1029 2178 melius.

115 2195 225 2263 Impone
245 2193 366 2248 felicitati
387 2204 450 2248 tuae
469 2194 575 2263 frenos3
598 2192 703 2247 facilius
725 2194 799 2248 illam
820 2212 905 2263 reges.
941 2195 1030 2248 Nostri

115 2264 173 2316 sine
193 2263 307 2332 pedibus
325 2265 416 2319 dieunt
436 2282 497 2318 esse
515 2264 655 2333 fortunam,
674 2281 744 2334 quae
761 2282 859 2318 manus
878 2274 905 2317 et
924 2265 1031 2334 pinuas⁷

115 2341 218 2386 tantum
237 2332 333 2404 habet,
351 2352 414 2387 cum
432 2352 528 2388 manus
545 2335 657 2404 porrigit,
675 2335 769 2404 pinnas
787 2351 892 2404 quoque
911 2351 1029 2402 compre·

115 2402 233 2456 bendere
252 2419 301 2455 non
324 2405 394 2457 sinit.
431 2406 552 2473 Denique
572 2404 594 2456 si
612 2405 680 2456 deus
695 2421 732 2472 es,
747 2404 862 2456 tribuere
875 2403 1030 2457 mortalibus

115 2472 246 2526 beneficia
270 2472 360 2544 debes,
380 2490 433 2526 non
457 2491 506 2526 sua
526 2473 646 2542 eripere;
671 2473 711 2525 sin
731 2484 823 2527 autem
843 2473 922 2526 homo
943 2491 980 2540 es,
1003 2473 1036 2526 id·

115 2543 185 2613 quod
201 2559 238 2608 es,
252 2559 359 2613 semper
375 2561 436 2596 esse
454 2553 480 2597 ta
499 2544 592 2610 cogita.
629 2542 743 2596 Stultum
764 2552 804 2596 est
824 2559 915 2595 eorum
936 2543 1029 2596 memi-

114 2614 192 2682 nisse,
216 2622 322 2682 propter
344 2630 414 2684 quae
438 2614 476 2667 tui
499 2612 684 2667 obliviscaris.⁸
723 2613 827 2671 Quibus
850 2612 953 2665 bellum
977 2630 1029 2666 non

114 1984 201 2038 lentos
229 2001 306 2052 agros
329 1986 484 2109 sapuimus⁶
521 1984 636 2038 Proinde

144 2741 150 2763 ¹
162 2734 336 2784 Instrumentsl
346 2735 459 2784 ablative.

142 2795 197 2841 ’At
208 2794 240 2841 all
251 2805 346 2851 events,
357 2811 399 2842 we
407 2795 480 2843 know
488 2794 540 2842 that
550 2810 564 2843 a
573 2793 691 2854 Scythian
699 2808 753 2841 race
763 2792 877 2848 (towards
889 2791 931 2840 the
942 2792 989 2842 end
998 2791 1027 2841 of

113 2853 155 2901 the
171 2854 273 2901 seventh
289 2864 373 2902 ceatur
400 2855 482 2902 before
500 2854 601 2908 Christ).
615 2854 639 2900 in
650 2853 743 2913 pursuit
756 2852 784 2900 of
795 2853 837 2900 the
855 2853 1025 2908 Cimmeriam,

113 2929 214 2961 overran
226 2914 267 2982 dre
279 2925 339 2960 west
351 2931 364 2961 o
383 2915 455 2982 Asia,
469 2930 495 2962 as
507 2913 542 2962 lar
553 2929 579 2961 as
592 2913 667 2968 Gaza,
681 2912 727 2960 aud
743 2912 780 2961 lor
790 2928 804 2960 a
814 2913 873 2960 time
889 2912 946 2961 held
959 2927 1028 2972 away

113 2973 426 3081 ovfbihiddaibniissdidier
436 3048 517 3089 sense,
530 3032 566 3080 for
577 3032 618 3079 the
630 3031 711 3091 places
727 3047 784 3080 near
800 3030 840 3080 the
857 3031 872 3080 J
875 3041 970 3079 axartes
987 3045 1027 3077 are

113 3102 247 3257 {illitum
259 3167 273 3199 a
283 3151 418 3212 proverbial
428 3151 570 3211 expression
581 3166 670 3212 among
680 3150 722 3199 the
734 3150 839 3208 Greeks,
856 3155 897 3198 ‘as
908 3151 989 3198 desert
1000 3163 1027 3196 as

133 3210 226 3317 c‘y‘ssllde
238 3270 292 3318 love
303 3271 396 3328 more3'
414 3270 507 3327 thetis,
523 3275 529 3297 ‘
552 3268 630 3319 refer.'

142 3334 151 3358 ⁸
164 3329 244 3377 ‘Hold
256 3346 316 3398 your
326 3330 420 3378 fortune
431 3329 478 3378 fast
489 3287 551 3378 wid
561 3345 622 3391 your
632 3328 710 3379 hands
720 3328 820 3378 closed!
833 3386 839 3396 ι

133 3392 151 3456 ᾖ
165 3387 235 3436 ‘The
249 3404 314 3451 wrng
328 3389 443 3446 feashers,
456 3405 484 3439 or
494 3389 599 3454 wiags3'
617 3392 713 3455 pium
727 3404 771 3438 are
787 3384 902 3454 susus
915 3393 1012 3428 mesas
1025 3377 1056 3421 si

108 3444 187 3507 drglrt,
200 3447 247 3496 end
256 3463 298 3497 ure
308 3448 368 3499 here
378 3449 441 3501 used
452 3466 480 3502 as
492 3468 526 3502 an
536 3451 654 3503 emblem
664 3450 691 3501 ol
704 3447 783 3509 ravim
789 3455 904 3495 motion·

131 3510 141 3536 ⁶
153 3505 191 3553 ‘It
200 3507 223 3555 r's
231 3506 322 3558 foolislr
333 3509 360 3560 in
372 3511 432 3562 thee
444 3522 470 3564 to
481 3513 561 3566 think
571 3513 634 3578 only
646 3511 677 3563 ol
689 3511 740 3562 tlte
751 3519 831 3557 esses
841 3499 872 3550 oi
886 3493 964 3556 Μ
974 3489 1099 3536 mm*
