2274 3772
487 192 578 232 ursan
598 192 640 232 rx.
960 158 1019 234 '205'

61 284 222 570 Ἓοᾳυο,
235 321 322 359 rarum
336 301 401 356 alibi
412 302 517 370 animal,
531 304 556 354 in
571 302 666 354 iisdem
680 301 813 355 montibus
825 277 918 356 eraut.¹
944 303 1019 357 Cete-

140 395 168 431 m
192 377 242 430 hoc
264 390 362 428 nornen
383 371 471 425 beluis
492 373 606 425 inditum
626 387 643 422 a
662 371 787 424 Graecis:
813 372 942 426 sermonis
961 373 1020 444 ejus

137 449 194 500 nari
210 444 282 498 aliud
301 443 393 511 lingna
411 459 458 494 sua
474 451 608 510 usurpant.
645 441 708 508 Rex,
722 440 825 494 duabus
837 442 948 496 urbibus
960 460 1020 498 con·

151 515 215 569 isin
234 525 344 582 utraque
363 511 489 580 fluminis,
509 511 577 580 quod
596 520 774 579 superaverat,
793 512 867 581 ripa,¹
885 514 1020 583 copiarum

110 585 194 639 duces
210 582 314 637 coronis
331 589 358 634 et
376 581 450 634 mille
465 580 552 634 aureis
564 579 682 648 singulos
693 579 788 632 donat:
808 582 904 633 ceteris
916 599 1020 652 quoquc

110 671 156 724 pro
174 652 302 724 portione²
321 659 366 702 ant
384 651 489 719 gradus,
507 667 589 718 quem
609 651 633 702 in
655 648 774 701 amicitia
794 649 956 720 obtinebant,
975 661 1020 705 aut

111 734 224 777 navatae
236 737 339 792 operae,
353 720 435 772 honos
447 720 554 773 habitus
566 727 615 772 est.
650 719 784 787 Abisares,
798 720 843 788 qui
855 721 928 790 prius
939 738 1020 790 quam

111 810 174 846 cum
187 793 251 846 Poro
263 790 433 842 dimicaretur
445 790 547 857 legatos
559 787 593 840 ad
605 787 788 841 Alexandrum
802 790 917 859 miserat,
932 808 1021 844 rursus

111 863 177 915 alios
201 859 282 930 misit,
303 859 466 929 pollicentes,
488 859 576 910 omnia
597 857 738 926 iacturum,
759 875 828 927 quae
852 861 1019 929 imperasset,

112 931 190 985 modo
209 947 243 983 ne
262 939 401 996 cogeretur
419 945 515 998 corpus
534 945 611 980 suum
631 927 731 979 dedere
741 927 759 979 :³
777 944 865 997 neque
884 929 956 982 enim
976 939 1021 982 ant

112 1001 168 1054 siue
181 1001 253 1068 regio
267 997 375 1067 imperio
387 996 528 1066 victurum,
546 1005 591 1049 aut
609 1005 779 1064 regnaturum
797 1014 857 1050 esse
875 1000 1020 1068 captivum.

112 1071 161 1124 Cui
186 1068 337 1122 Alexander
360 1067 473 1139 nuntiari
496 1066 582 1136 jussit,
603 1066 624 1118 si
643 1075 796 1135 gravaretur
815 1067 849 1120 ad
870 1085 899 1120 se
920 1069 1019 1138 venire,

112 1139 201 1210 ipsum
212 1138 246 1189 ad
259 1152 322 1189 eum
335 1153 395 1188 esse
406 1145 555 1189 venturum.

147 1213 171 1260 2.
190 1209 265 1276 Hinc,
279 1207 344 1259 Poro
356 1222 436 1258 amne
448 1206 590 1274 superato,⁴
601 1204 635 1257 ad
648 1204 771 1257 interiora
782 1205 872 1258 Indiae
884 1207 1020 1276 processit.
1047 1216 1054 1231 ¹

111 1277 201 1331 Silvae
211 1285 284 1329 erant
292 1293 372 1346 prope
384 1277 410 1327 in
424 1275 585 1328 immensum
595 1275 712 1343 spatium
720 1273 843 1343 diffusae,
853 1275 1021 1345 procerisque

112 1357 139 1400 et
151 1347 177 1399 in
190 1345 317 1410 eximiam
330 1344 497 1398 altitudinem
511 1343 590 1396 editis
603 1343 740 1397 arboribus
755 1344 905 1397 umbrosae.
941 1345 1021 1397 Pleri-

111 1433 164 1487 que
183 1416 249 1468 rami
269 1416 350 1468 instar
369 1415 515 1482 ingentium
534 1413 654 1483 stipitum
672 1413 735 1466 flexi
755 1413 920 1482 in'hurnum,
933 1431 1022 1468 rursus

111 1502 165 1556 qua
185 1502 214 1539 se
232 1493 407 1538 curvaverant
426 1484 463 1536 eri
484 1484 602 1551 ebantur,
621 1482 689 1535 adeo
708 1491 737 1535 ut
758 1484 862 1553 species
881 1493 952 1537 esset
969 1501 1022 1538 non

112 1557 179 1611 tami
196 1554 363 1623 resurgentis,
377 1552 424 1606 sed
442 1571 471 1606 ar
508 1553 543 1605 ris
554 1568 588 1604 cx
601 1569 650 1604 sua
662 1552 751 1605 radice
762 1562 913 1621 generatae.
949 1553 1022 1607 Coeli

111 1624 256 1695 temperies
276 1623 402 1693 salubris,
420 1623 467 1692 qui
486 1640 520 1692 ps
541 1630 568 1674 et
586 1621 642 1675 vim
662 1623 726 1674 solis
745 1622 857 1676 umbrae
877 1623 976 1693 levant,
994 1632 1022 1677 et

111 1711 196 1764 aquae
209 1694 297 1762 largae
310 1701 445 1747 manante
458 1641 584 1762 ddntibus.
614 1691 737 1744 Ceterum
748 1691 792 1744 hic
801 1709 905 1771 quoque
915 1710 944 1746 se
993 1710 1022 1745 n-

112 1764 178 1816 tium
202 1780 300 1832 magna
319 1763 360 1814 vis
380 1771 443 1831 erat,
464 1761 584 1830 squamis
607 1759 737 1828 fulgorem
760 1776 818 1813 auu
841 1761 963 1814 reddenti
980 1778 1021 1814 us.

111 1833 189 1886 Virus
200 1832 271 1886 haud
284 1831 368 1884 ullum
381 1832 467 1900 magis
479 1830 587 1882 noxium
599 1837 648 1897 est,
658 1828 757 1898 quippe
766 1846 883 1882 morsum
895 1846 1023 1900 praesens

112 1919 182 1955 mors
200 1899 360 1970 sequebatur
367 1916 375 1968 3
393 1900 479 1953 donec
498 1899 532 1952 ab
552 1897 646 1950 incolis
666 1897 814 1950 remedium
834 1898 953 1952 oblatum
971 1907 1021 1952 est.

112 1971 179 2024 Hinc
209 1987 238 2022 er
249 1970 355 2022 deserta
366 1977 476 2020 ventum
489 1967 574 2020 estad
587 1966 689 2019 flumen
704 1966 862 2036 Hyarotim.⁶
896 1968 1022 2021 Junctum

112 2048 169 2092 erat
201 2038 285 2091 urniui
299 2039 402 2107 nemus,
415 2053 529 2106 opacum
546 2035 682 2088 arboribus
699 2034 764 2088 alibi
782 2035 918 2102 inusitatis,
934 2053 1022 2106 agres-

113 2111 231 2178 tiumque
249 2123 381 2176 pavonum
400 2105 568 2160 multitudine
586 2104 719 2174 frequens.
756 2105 853 2158 Castris
870 2105 932 2158 inde
944 2107 1024 2160 motis

112 2178 239 2248 oppidum
258 2175 330 2229 haud
347 2175 438 2246 procul
450 2175 564 2245 positum
577 2191 671 2228 corona
683 2174 762 2245 capit,
775 2174 968 2246 obsidibusque
978 2193 1022 2230 ac-

113 2248 197 2316 ceptis
209 2244 370 2315 stipendium
382 2245 502 2316 imponit.

148 2321 172 2369 3.
190 2315 232 2369 Ad
253 2332 378 2382 magnam
396 2315 502 2384 deinde,
515 2323 544 2367 nt
560 2314 585 2366 in
604 2331 636 2366 ea
649 2315 763 2383 regione,
778 2313 882 2368 urbem⁶
893 2315 1021 2384 pervenit,

112 2402 162 2439 non
177 2402 251 2438 muro
263 2384 357 2453 solum,
371 2383 419 2437 sed
435 2385 516 2436 etiam
534 2384 632 2453 palude
651 2384 791 2437 munitam.
827 2384 951 2437 Ceterum
963 2383 1022 2437 bar-

112 2455 168 2508 bari
186 2453 316 2506 vehiculis
337 2455 404 2507 inter
424 2471 453 2506 se
472 2452 571 2522 junctis
590 2451 739 2505 dimicaturi
760 2460 948 2505 occurreruutt
968 2453 1023 2507 tela

112 2525 171 2578 aliis
185 2524 286 2590 hastae,
299 2522 358 2576 aliis
376 2540 483 2575 secures
501 2531 576 2575 erant
584 2539 592 2590 ;
611 2520 847 2590 transiliebantque
859 2521 886 2573 in
900 2520 1023 2575 vehicula

112 2603 217 2646 strenuo
230 2593 307 2661 saltu,
321 2610 384 2646 cnm
402 2608 554 2646 succurrere
572 2589 753 2644 laborantibus
770 2591 825 2642 suis
836 2589 946 2644 vellent.
981 2593 1022 2646 Ac

114 2737 149 2840 N}
162 2731 214 2779 Our
229 2729 315 2778 author
330 2729 470 2778 afterwards
487 2729 594 2789 (chapter
610 2731 646 2783 13)
662 2727 722 2776 calls
737 2722 805 2777 them
821 2729 960 2792 Bucephala
975 2733 1023 2782 and

141 2807 215 2838 renea.

140 2849 208 2897 'See
217 2847 322 2897 notevii.
333 2851 371 2903 41,
383 2851 467 2910 adfira

142 2915 150 2938 ³
163 2909 254 2970 Corpus
264 2925 334 2955 suum
344 2906 381 2954 sor
391 2925 424 2956 se.
456 2907 502 2955 See
515 2907 613 2966 Zumpt,
626 2906 700 2963 idid,
712 2907 794 2968 odfin.

140 2975 150 2997 ⁴
160 2967 209 3015 We
221 2967 293 3015 lmow
305 2965 333 3013 os
339 2981 370 3013 no
381 2967 444 3014 river
454 2965 531 3014 called
544 2966 629 3014 Porus.
659 2964 756 3024 Arrian,
769 2964 890 3025 however,
900 2969 1021 3018 mentions

112 3027 153 3076 the
165 3042 210 3075 con
228 3035 282 3074 uest
294 3023 321 3073 of
333 3025 434 3073 another
450 3025 509 3093 king
524 3025 552 3072 of
563 3025 616 3072 that
632 3039 702 3072 name
714 3030 750 3079 (so
761 3025 812 3073 that
823 3027 926 3095 perhaps
937 3028 961 3074 in
972 3027 1021 3076 thi's

113 3096 165 3157 part
176 3085 205 3134 of
212 3043 286 3133 dudio
298 3084 438 3153 Poruswas
454 3100 467 3131 a
483 3083 536 3131 tnle
552 3083 691 3151 expressive
708 3081 735 3131 of
747 3083 788 3132 the
804 3084 901 3146 highest
917 3085 1020 3146 dignity,

115 3156 166 3206 Just
178 3160 204 3193 as
216 3145 240 3192 in
251 3143 301 3191 that
313 3143 452 3203 previously
463 3143 586 3191 traversed
598 3141 699 3190 Taxiles
710 3147 777 3197 was).
801 3142 856 3192 The
867 3144 930 3193 river
940 3144 1021 3195 which

114 3204 253 3252 Alexander
262 3200 360 3251 crossod
369 3201 449 3250 before
458 3201 489 3250 he
498 3217 565 3250 came
575 3210 600 3249 to
609 3200 774 3262 theHyarotis
781 3217 832 3251 was
841 3203 882 3250 the
892 3203 1022 3253 Acesines.

113 3262 136 3310 lt
146 3262 168 3311 is
195 3261 285 3310 ossible
297 3261 348 3309 that
359 3260 401 3308 the
412 3270 464 3308 text
475 3261 496 3308 is
507 3271 603 3320 corrupt
614 3260 679 3309 herc.
753 3318 756 3322 ι

143 3330 150 3353 ·
189 3337 228 3369 ow
237 3321 329 3377 eavea,
342 3320 393 3369 still
405 3320 465 3368 with
476 3334 507 3368 au
517 3320 636 3380 approach
647 3329 672 3367 to
683 3319 724 3368 the
735 3319 833 3368 ancient
841 3319 1037 3367 sumamma.

114 3380 300 3488 c;tffi⁰rdi⁶g
318 3389 344 3427 to
363 3379 451 3428 Arriau
470 3378 489 3428 it
505 3394 560 3429 vras
578 3378 699 3443 Sangala,
715 3378 764 3427 tha
780 3376 853 3426 chixsh
865 3384 946 3421 aevu
960 3371 992 3416 eh
1002 3369 1056 3413 hur·
