2274 3772
496 160 588 201 arras
607 160 650 200 ru.
982 145 1017 200 41

152 274 194 322 ³2.
213 268 346 340 Equidem
363 268 415 322 hac
432 268 593 321 continentia
609 267 691 321 animi
709 268 732 320 si
748 267 782 320 ad
800 267 924 321 ultimum
941 268 1020 323 ιὶιοο1

117 356 286 411 perseverare
298 338 433 409 potuisset,
446 338 591 391 feliciorem
603 337 685 391 fuisse
697 337 842 406 crederem,
856 355 935 407 quam
948 340 1021 394 visus

116 420 158 461 est
176 426 243 474 esse,
257 426 319 461 cum
338 407 425 460 Liberi
443 409 525 477 patris
542 409 687 460 imitaretur
699 406 870 476 triumphurn,
884 424 968 476 usqua
985 409 1020 463 ab

116 477 286 548 Hellesponto
308 478 342 530 ad
366 477 512 530 Οοοοιιιιιιι2
529 493 622 528 omnes
644 485 738 544 gentes
756 477 864 530 victoria
884 493 1018 532 emensus.

115 545 159 599 sio
177 549 283 600 vicisset
306 546 422 616 profecto
445 545 597 614 superbiam
620 555 700 615 atque
720 547 794 615 iram,
813 545 884 598 mala
904 547 1017 601 invicta:

115 617 153 669 sic
164 617 335 670 abstinuisset
348 617 414 668 inter
431 615 525 684 epulas
542 614 669 667 caedibus
679 616 833 684 amicorum,
846 617 1018 686 egregiosque

114 685 184 739 bello
203 686 279 755 viros,
298 696 325 739 et
343 694 380 738 tot
397 686 518 754 gentium
541 700 633 737 secum
653 685 802 753 domitores,
821 684 918 736 indicta
937 703 1018 740 causa

114 756 215 807 veritus
233 764 303 809 esset
320 754 462 807 occidere.⁸
495 753 547 806 Sed
565 753 682 806 nondum
698 753 802 806 fortuna
814 771 843 806 se
855 756 942 806 anirno
960 755 1019 826 ejus

114 841 145 877 su
167 824 300 876 erluderat
311 826 328 875 :⁴
340 826 429 893 itaque
448 823 576 875 orientem
597 840 656 876 earn
676 823 812 875 moderate
831 832 858 876 et
875 824 1019 904 prudenter

113 841 172 946 tudt
202 892 237 946 ad
266 893 390 947 ultimum
417 891 626 960 magnitudinem
655 892 714 960 ejus
742 909 793 945 non
822 903 901 962 ceput.
945 894 1020 948 Tunc

113 962 225 1032 quidem
252 962 288 1014 ita
314 978 344 1014 se
369 961 459 1030 gessit,
478 969 507 1013 ut
529 977 622 1023 omnes
639 969 701 1013 aute
719 976 780 1015 eum
801 979 877 1030 reges
894 972 921 1014 et
938 966 1020 1016 conti·

114 1023 205 1084 nentia
222 1039 250 1084 et
267 1030 412 1084 clementia
429 1031 555 1082 vinceret.
591 1031 711 1098 Virgines
734 1031 848 1099 reginas⁵
865 1032 1020 1086 excellentis

113 1100 215 1152 formae
227 1110 283 1161 tarn
296 1109 386 1153 sancte
399 1099 498 1169 habuit,
511 1115 592 1178 quarn
612 1100 633 1151 si
652 1099 748 1153 eodem
762 1117 819 1169 -quo
837 1101 893 1169 ipse
912 1113 1019 1180 parente

114 1169 219 1238 genitae
239 1169 333 1221 forent
345 1169 486 1239 conjugem
506 1168 635 1237 ejusdem,
648 1185 729 1238 quam
749 1168 821 1222 nulla
840 1178 936 1223 aetatis
954 1189 1020 1224 suae

114 1238 309 1309 pulchritudine
328 1239 443 1309 corporis
461 1238 532 1308 vicit,
545 1238 613 1291 adeo
631 1239 689 1307 ipse
708 1254 758 1291 non
771 1238 887 1306 violavit,
900 1250 928 1292 ut
949 1258 1019 1294 sum·

114 1325 189 1360 mam
206 1306 355 1361 adhibuerit
372 1324 471 1376 coram,
492 1324 525 1359 nc
543 1308 602 1377 quis
620 1308 725 1377 captivo
748 1309 847 1377 corpori
871 1308 993 1362 illuderet
1002 1312 1020 1362 :⁷

113 1393 221 1432 omnem
232 1376 334 1430 cultum
347 1376 421 1429 reddi
434 1375 541 1429 lerninis
559 1376 644 1447 jussit,
660 1378 865 1446 necquicquam
884 1395 924 1431 ex·
936 1378 1019 1448 pristi-

113 1463 165 1498 nae
177 1445 297 1498 fortunae
309 1447 506 1514 magnificentia
523 1447 644 1516 captivis,
657 1456 761 1516 praeter
777 1447 911 1517 fiduciam,
924 1447 1018 1501 deluit.

113 1515 207 1585 ltaque
225 1516 397 1585 Sisygambis,
411 1532 463 1585 rex,
478 1516 569 1584 inquit,
583 1516 699 1584 mereris,
713 1524 742 1568 ut
760 1530 793 1568 ea
811 1534 951 1586 precemur
963 1518 1018 1586 tibi,

131 1602 181 1637 uae
200 1585 284 1638 Dareo
305 1595 390 1637 nostro
410 1585 543 1654 quondam
563 1593 685 1654 precatae
704 1602 813 1638 sumus:
832 1594 866 1656 et,
885 1595 913 1640 ut
932 1586 1018 1655 video,

112 1601 208 1722 dignus
220 1655 269 1723 es,⁸
280 1654 326 1726 qui
345 1663 446 1707 tantum
465 1671 555 1722 regem
567 1671 618 1707 non
631 1655 758 1708 felicitato
770 1655 864 1726 solum,
877 1656 925 1709 sed
938 1657 1019 1709 etiam

112 1723 249 1792 aequitate
267 1725 440 1792 superaveris.
476 1724 516 1776 Tu
534 1724 643 1795 quidem
662 1733 775 1777 matrem
792 1741 837 1777 me
856 1734 883 1778 et
902 1727 1019 1794 reginam

112 1808 208 1846 vocas:
228 1791 276 1847 sed
289 1809 338 1860 ego
349 1809 394 1845 me
407 1802 481 1845 tuam
498 1792 628 1845 famulam
647 1810 706 1846 esse
725 1794 857 1847 confiteor.
894 1795 928 1848 Et
945 1810 1020 1865 prae-

114 1862 207 1914 teritae
226 1861 346 1927 fortunae
364 1861 498 1929 fastigium
523 1862 611 1930 capio⁹
627 1870 654 1914 et
677 1864 823 1932 praesentis
847 1862 940 1931 jugum
966 1863 1019 1932 pati

112 1947 238 2000 possum:
258 1940 303 1982 tua
322 1931 599 2000 interest,¹⁰quantum
618 1931 643 1983 in
662 1947 711 1983 nos
728 1931 837 1999 licuerit,
851 1932 875 1984 si
893 1932 918 1984 id
932 1933 1020 2002 potius

142 2093 166 2179 ¹s3
175 2152 225 2200 Till
237 2153 277 2200 the
289 2152 335 2201 end
348 2151 376 2201 of
387 2152 425 2200 his
436 2151 494 2201 lise!
531 2150 655 2210 Ultimum,
666 2169 681 2202 a
694 2163 783 2212 neuter,
789 2155 849 2203 with
860 2155 902 2203 the
911 2155 1018 2217 genitive

112 2216 150 2242 -‘
161 2210 202 2258 the
213 2212 340 2267 extreme,’
356 2218 361 2238 ‘
372 2212 413 2260 the
424 2211 470 2259 last
481 2213 550 2270 part)
565 2212 611 2259 See
628 2212 707 2261 Gram.
720 2213 734 2264 h
744 2217 795 2261 313.

140 2271 182 2316 Ἀ
199 2286 263 2318 more
279 2271 349 2319 usual
364 2271 504 2329 expression
519 2271 599 2319 would
610 2271 671 2320 have
687 2274 749 2321 been
764 2275 879 2333 usquead
891 2273 1015 2322 Oceanum.

117 2327 196 2388 Usque
204 2329 295 2389 always
302 2329 465 2378 indicatesthe
472 2330 711 2388 uninterruptedness
718 2331 745 2378 of
752 2347 799 2391 any
807 2333 883 2380 series
890 2332 918 2379 ol
925 2333 1016 2381 actions

112 2387 190 2434 either
205 2387 230 2434 in
245 2387 329 2448 regord
344 2399 369 2436 ιο
385 2404 456 2448 space
472 2404 499 2437 or
514 2389 581 2437 time.
613 2389 686 2444 Here,
699 2388 735 2438 lor
749 2391 869 2450 example,
885 2389 960 2438 ‘from
976 2391 1017 2439 the

113 2445 265 2526 Hellespont‚
278 2463 305 2494 as
317 2447 334 2494 it
345 2462 418 2504 were,
432 2448 458 2495 in
468 2463 513 2495 one
524 2447 653 2495 continued
664 2447 745 2497 march
761 2447 789 2496 ol
800 2459 926 2508 conquest,
940 2459 965 2496 ιο
976 2450 1016 2498 the

111 2520 251 2633 oeimii’le'reri,
264 2563 323 2612 with
334 2563 375 2612 the
386 2556 511 2613 infinitivo.
529 2564 590 2633 ¹See
603 2556 683 2612 Grom.
695 2565 709 2616 b
720 2568 773 2621 352,
787 2575 842 2613 note
854 2571 875 2614 2.

140 2622 305 2682 ⁴Besunfully
316 2623 454 2682 expressed.
487 2622 547 2670 ‘His
563 2623 625 2682 good
641 2623 734 2672 fortune
750 2624 797 2673 hod
812 2636 854 2672 not
866 2637 906 2684 yet
924 2628 1015 2687 poured

111 2682 180 2731 itsels
192 2697 250 2731 orer
266 2683 303 2730 his
319 2682 386 2730 heort
395 2683 412 2741 ;'
430 2683 482 2730 that
499 2680 528 2735 is,
541 2682 588 2730 had
603 2693 644 2730 not
662 2693 711 2743 yet,
724 2699 751 2732 as
762 2683 780 2732 it
791 2698 864 2740 were,
871 2686 964 2747 flooded
978 2687 1016 2736 his

111 2741 188 2794 beart,
202 2741 248 2790 and
259 2751 337 2800 swept
349 2756 418 2802 away
427 2741 459 2789 all
469 2741 507 2789 his
518 2740 578 2788 finer
588 2740 697 2802 leelings.

141 2800 228 2849 “The
247 2801 383 2849 unmarried
401 2801 525 2860 princeos!
558 2800 588 2848 In
602 2800 683 2857 Latin,
701 2817 762 2850 eren
778 2801 820 2851 the
837 2802 967 2865 daughters
985 2806 1014 2855 ol

112 2859 154 2908 kin
171 2876 184 2908 s
195 2876 234 2908 are
245 2860 322 2908 called
333 2877 358 2907 re
375 2862 436 2908 inae.

139 2924 148 2949 ⁸
182 2919 244 2967 xactl
272 2878 410 2978 equivalent
421 2918 477 2966 here
489 2928 514 2966 to
525 2927 616 2973 essent„

112 3047 121 3086 t
140 2935 268 3085 'l‘hShouid
279 2979 352 3027 insult
361 2979 377 3036 ;'
386 2978 491 3038 namely,
500 2979 534 3038 by
541 2977 666 3037 proposals
674 2988 700 3028 to
706 2978 774 3028 them
780 2988 806 3029 to
812 2981 912 3030 become
920 2982 1015 3029 troitorr

123 3053 137 3086 o
186 3054 243 3086 nus.
670 3082 677 3098 ,

113 3096 283 3206 d‘YpugpipJe
294 3096 389 3203 {rorthy
400 3095 436 3151 (ol
447 3110 491 3144 our
500 3095 601 3157 praying
610 3095 719 3158 loryou).
732 3098 798 3147 sinoe
809 3099 875 3159 you,'
888 3099 937 3147 duc.
969 3099 1016 3146 See

149 3173 193 3204 om.
277 3193 282 3207 .
311 3193 316 3202 .
658 3193 660 3197 -

139 3215 186 3261 ⁹⁴1
203 3215 358 3262 take-that
374 3215 404 3270 is,
422 3214 657 3264 understand-aud
672 3215 801 3265 can'show
816 3215 909 3276 mysell
920 3216 1015 3277 worthy

111 3272 139 3321 ol
151 3290 191 3332 my
203 3274 290 3321 former
301 3274 359 3334 high
370 3273 447 3321 rank!

140 3337 156 3360 ¹⁰
167 3333 202 3379 ‘lt
215 3333 327 3380 interests
339 3349 386 3392 you
394 3333 410 3389 ;’
423 3333 515 3389 thetis,
529 3338 603 3393 ‘your
612 3348 669 3381 own
677 3333 748 3383 noble
756 3343 840 3382 notare
850 3334 956 3394 compols
968 3350 1015 3394 you

109 3403 172 3439 -to
189 3392 248 3440 uish
266 3391 283 3439 it
301 3391 391 3439 known
405 3391 457 3440 that
472 3406 521 3453 you
536 3391 661 3442 exercised
676 3407 737 3454 your
751 3404 834 3454 power
843 3407 905 3441 ouer
917 3392 1031 3440 uestitu

547 3454 589 3506 aa

112 2109 138 2141 ΒΘ
