2274 3772
402 229 403 232 Ἴ
461 168 554 207 traua
575 169 626 208 vtr.
942 153 1002 209 209

86 281 191 336 hostem
221 276 372 332 incessendi
401 293 465 330 cura
494 284 575 344 esset.
611 278 754 330 Tormenta
783 277 861 330 saluti
887 277 1001 348 suerunt,

86 351 183 420 quibus
206 349 231 401 in
256 347 387 401 consertos
410 364 443 399 ac
467 355 568 399 temere
592 364 621 399 se
645 347 788 400 offerentes
811 347 883 400 haud
908 348 1003 401 frustra

87 437 199 473 excussa
223 428 283 471 sunt
308 417 370 470 tela.
411 412 519 469 Barbari
543 434 649 486 quoque
673 418 811 485 ingentem
822 419 879 470 vim
897 419 1002 486 sagitta-

88 508 145 543 rum
166 487 287 542 infudere
308 487 416 540 ratibus.
453 487 558 555 Vixque
571 486 655 540 ullum
668 487 718 540 luit
733 496 846 558 scutum,
864 487 935 557 quod
952 505 1003 541 non

87 559 207 630 pluribus
219 557 298 610 simul
311 557 421 626 spiculis
432 557 615 626 perforaretur.

122 635 163 683 at.
182 631 297 697 Jamque
311 636 394 679 terrae
408 635 479 679 rates
495 626 704 696 applicabantur,
719 644 782 679 cum
799 628 872 680 acies
891 627 1004 697 clipeata

87 699 227 767 consurgit,
248 710 274 750 et
293 696 383 749 hastas
407 708 478 749 certo
499 697 560 765 ictu,
581 706 671 766 utpote
689 696 773 749 libero
792 698 870 765 nisu,¹
889 697 970 750 mittit
989 715 1004 749 e

88 770 195 823 ratibus.
233 769 266 820 Et
280 776 308 819 ut
327 765 431 818 territos
450 766 672 838 recipientesque2
689 783 772 835 equos
789 766 889 836 videre,
903 766 1006 820 alacres

86 849 180 892 mutua
202 837 384 890 adhortatione
408 836 435 888 in
459 845 555 889 terram
580 835 721 888 desiluere.
765 837 889 889 Turbatis
911 838 1005 890 acriter

105 908 184 960 edem
209 906 305 959 inferre
331 915 482 975 coeperunt.
528 907 653 975 Equitum
677 905 774 958 deinde
798 916 909 975 turmae,
935 925 1005 976 quae

86 928 203 1030 lienatos
215 975 350 1028 habebant
369 992 458 1044 equos,
471 974 623 1055 perfregere
642 974 812 1029 barbarorum
831 977 928 1030 aciem.
964 978 1004 1030 In-

87 1050 166 1100 terim
183 1045 267 1098 ceteri
285 1044 391 1113 agmine
410 1044 595 1099 dimrcautium
615 1046 679 1098 tecti
698 1055 824 1114 aptavere
843 1063 872 1098 se
890 1065 1004 1117 pugnae.

87 1118 147 1185 lpse
173 1133 226 1185 rex,
248 1115 318 1184 quod
341 1113 440 1182 vigoris
463 1132 543 1184 aegro
566 1115 655 1167 adhuc
678 1115 778 1184 corpori
802 1116 901 1186 deerat,
922 1118 1006 1171 animi

86 1186 211 1240 firmitate
236 1184 383 1254 supplebat.
431 1185 490 1238 Vox
516 1184 679 1238 adhortantis
705 1201 758 1238 non
786 1195 887 1255 poterat
913 1186 1005 1255 audiri,

87 1255 205 1308 nondum
231 1254 301 1307 bene
325 1255 441 1308 obducta
464 1255 587 1309 cicatrice
612 1255 731 1322 cervicis,
757 1255 805 1307 sed
829 1255 1004 1309 dimicantem

87 1325 177 1377 cuncti
202 1324 335 1377 videbant.
384 1325 478 1394 Itaque
502 1325 553 1395 ipsi
581 1324 681 1378 ducum
710 1324 887 1394 fungebantur
910 1325 1005 1396 officio,

86 1394 209 1464 aliusque
221 1394 304 1448 alium
317 1393 457 1464 adhortati,
471 1395 498 1447 in
510 1395 615 1447 hostem
633 1394 727 1447 salutis
739 1395 913 1449 immemores
930 1413 1006 1449 ruere

86 1475 238 1534 coeperunt.
275 1466 344 1518 Tum
369 1481 431 1517 vero
456 1481 507 1517 nou
530 1481 583 1535 ora,
605 1482 657 1522 non
680 1481 763 1535 arma,
785 1482 837 1518 non
860 1465 1003 1520 clamorem

86 1533 202 1588 hostium
216 1533 319 1587 barbari
332 1533 443 1586 tolerare
456 1543 604 1604 potuerunt,
619 1553 766 1604 omnesque
780 1534 875 1589 effusis
893 1536 1007 1589 habenis

85 1606 214 1675 (namque
232 1607 363 1673 equestris
380 1605 453 1657 acies
471 1603 538 1675 erat)
557 1614 700 1674 capessunt
718 1605 820 1674 fugam.
857 1606 930 1664 Quos
949 1622 1003 1675 rex,

84 1691 249 1745 quamquam
270 1673 452 1727 vexationem³
474 1674 583 1727 invalidi
607 1677 723 1744 corporis
745 1676 800 1745 pati
822 1693 874 1729 non
913 1684 1004 1745 oterat,

93 1763 131 1797 rer
161 1744 255 1797 LXXX
282 1752 372 1797 tamen
403 1744 488 1796 stadia
516 1745 620 1813 insequi
651 1746 842 1814 perseveravit.
889 1694 1005 1814 iamque

84 1763 221 1884 linquente
234 1813 323 1866 animo
336 1813 391 1866 suis
403 1830 499 1883 praece
521 1814 547 1882 it,
562 1823 591 1866 ut
608 1813 694 1866 donec
713 1814 780 1867 lucis
797 1815 897 1884 aliquid
916 1831 1005 1894 super·

84 1894 162 1952 esset,
184 1883 346 1951 fugientium
369 1883 450 1950 tergis
473 1831 655 1935 inhaererent:
681 1883 739 1952 ipse
763 1883 900 1936 exhaustis
922 1894 1005 1936 ettam

83 1954 166 2006 animi
179 1953 287 2021 viribus,
301 1953 329 2003 in
341 1962 427 2004 castra
439 1969 469 2004 se
482 1952 590 2021 recepit,
604 1952 748 2022 reliquum⁴
756 1953 881 2006 substitit.
909 1953 1004 2007 Trans·

84 2023 169 2076 ierant
198 2021 254 2093 jam
283 2020 373 2074 Liberi
399 2021 485 2073 Patris
512 2021 664 2091 terminos?
689 2039 801 2102 quorum
831 2033 1006 2076 monumenta

84 2092 187 2162 lapides
211 2099 286 2144 erant
310 2089 410 2143 crebris
434 2091 581 2143 intervallis
610 2091 738 2162 dispositi,
763 2091 923 2162 arboresque
948 2110 1004 2162 pro·
1031 2103 1040 2123 ’

84 2179 170 2231 cerae,
192 2178 305 2231 quarum
329 2160 432 2230 stipites
451 2159 551 2213 hedera
571 2171 731 2215 contexerat.
768 2162 820 2216 Sed
840 2163 1006 2216 Macedonas

85 2234 124 2285 ira
150 2232 254 2300 longius
277 2230 410 2300 provexit:
442 2231 541 2300 quippe
565 2231 657 2284 media
680 2232 736 2286 fere
760 2242 838 2286 nocte
862 2233 1003 2301 redierunt,

84 2302 177 2354 multis
196 2299 349 2369 interiectis,
363 2299 483 2370 pluribus
501 2303 593 2370 captis,
607 2318 744 2372 equosque
756 2304 788 2356 M
800 2311 827 2355 et
840 2303 928 2356 DCCC
940 2303 1003 2356 abe-

82 2389 153 2439 gere.
191 2369 349 2424 Ceciderunt
373 2380 464 2424 autem
488 2370 671 2424 Macedonum
694 2373 800 2442 equites
822 2373 875 2442 LX,
900 2373 1005 2442 pedites

84 2443 104 2494 C
117 2440 181 2510 fere,
195 2439 269 2493 mille
281 2439 366 2492 saucii
380 2439 495 2494 luerunt.

120 2516 162 2564 38.
183 2511 255 2562 Haec
279 2508 415 2578 expeditio
439 2509 610 2563 deficientem
635 2529 733 2579 magna
756 2529 791 2565 ex
815 2521 889 2580 parte
910 2511 1002 2565 Asiam

84 2580 157 2634 fama
182 2591 236 2632 tam
261 2588 422 2648 opportunae
447 2579 572 2631 victoriae
596 2579 706 2632 domuit.
751 2580 868 2634 Invictos
892 2581 1004 2650 Scythas

84 2667 145 2703 esse
157 2649 338 2703 crediderant:
360 2649 458 2718 quibus
476 2650 567 2701 fractis
585 2650 687 2703 nullam
699 2660 809 2719 gentem
821 2652 1003 2705 Macedonum

113 2778 120 2800 ¹
134 2772 258 2820 ‘Because
270 2771 329 2818 with
341 2787 355 2818 a
365 2771 414 2818 lree
427 2771 591 2831 (unimpeded)
603 2772 695 2819 stram)

85 2832 249 2940 b²LTaking
261 2831 324 2878 back
334 2830 376 2878 the
392 2830 501 2888 horses;’
519 2831 571 2879 that
588 2831 618 2888 is,
631 2830 754 2893 wheeling
770 2833 847 2881 round
864 2834 911 2882 arrd
925 2835 1003 2897 riding

100 2907 128 2939 ac
149 2929 154 2939 .

113 2957 121 2979 ³
134 2951 204 2999 ‘The
216 2949 303 2998 shakin
323 2949 338 2997 .’

112 3017 120 3038 ⁴
132 3012 173 3057 An
185 3011 284 3078 adverb,
297 2965 390 3057 [irmed
402 3008 450 3057 lilre
461 3019 569 3079 ceterum,
579 3012 710 3080 plurimam
721 3018 771 3066 (see
785 3012 865 3060 Grani.
877 3012 891 3063 i
903 3016 954 3069 219,
968 3017 1000 3068 3),

86 3071 130 3118 ‘hc
142 3069 264 3118 remomed
276 3069 312 3117 sor
323 3069 363 3116 the
375 3079 424 3117 rest
436 3070 464 3117 ol
476 3070 517 3118 the
528 3080 588 3117 trme
600 3081 666 3129 quiet
678 3086 701 3118 rn
712 3070 752 3119 the
764 3072 852 3132 camp.’

113 3139 120 3161 ¹
130 3130 211 3177 There
220 3145 269 3176 was
281 3145 311 3176 an
322 3127 362 3177 old
370 3127 484 3177 tradition
492 3129 543 3178 that
551 3129 683 3189 Dionysius
690 3130 818 3184 (Bacchusl
828 3130 875 3180 had
882 3130 1002 3180 extended
1063 3142 1065 3147 '

83 3189 120 3236 his
132 3189 261 3236 victorious
277 3188 367 3244 march,
379 3187 459 3236 which
470 3188 562 3252 hadlor
573 3190 604 3237 its
613 3191 701 3244 ob'ect.
713 3206 740 3239 or
748 3191 829 3239 rather
837 3190 944 3250 actually
951 3188 1001 3239 w'as

84 3249 155 3298 itsels.
169 3249 210 3295 the
222 3248 350 3309 spreading
359 3247 387 3295 ol'
394 3248 434 3295 the
444 3248 585 3297 cultivation
594 3248 622 3296 of
629 3206 670 3296 tire
679 3249 743 3307 vine,
753 3249 822 3298 usfar
831 3266 857 3297 us
866 3248 915 3296 this
924 3250 1000 3296 bouu-

83 3309 141 3366 dary
154 3310 264 3355 between
276 3307 364 3354 settled
376 3307 422 3355 and
433 3308 619 3356 nomadicAsiu.
651 3309 677 3356 A
686 3309 804 3370 lcngrow
815 3308 941 3355 bistones
949 3316 1017 3360 uper-

83 3367 143 3425 haps
154 3383 185 3413 on
197 3367 245 3414 this
257 3368 308 3414 side
320 3367 348 3414 os
360 3367 400 3416 the
412 3367 536 3425 Iaxartes)
552 3367 603 3419 and
617 3367 787 3431 'try-covered
799 3375 956 3413 treeswere
970 3370 1035 3403 soix-

81 3426 176 3473 sr'dered
187 3428 220 3485 by
231 3425 271 3474 the
283 3425 460 3479 Macedoniam
472 3445 501 3480 as
512 3429 601 3481 marlrs
608 3428 672 3480 how
682 3427 723 3479 ist
731 3423 885 3484 motivam
892 3414 958 3466 m
965 3421 1056 3458 mm*

179 3491 211 3538 14
518 3497 557 3548 12
