2274 3772
146 123 202 178 160
411 137 450 176 ue
474 136 580 176 ousrts
603 129 785 175 rusxrnurn.

143 245 323 300 Macedonum
334 260 414 312 regno
423 244 524 313 dignior
534 243 650 296 Philotas
661 261 705 296 rne
715 260 820 312 quoque
831 244 886 312 ipso
896 245 1030 297 videretur
1040 245 1052 298 ‘l

144 315 222 368 lllum
240 314 295 385 jain
315 313 450 366 defecerat
463 330 522 365 vox.
549 313 651 380 ‘Itaque
671 313 742 365 edito
759 313 868 381 gemitu,
889 314 1017 381 vultuque
1035 332 1053 366 a

144 394 286 452 conspeetu
302 385 371 450 regie
382 399 482 450 averso,
496 381 606 434 subinde
619 382 750 452 collapsus
762 381 930 448 extinguitur.

180 457 221 505 28.
240 454 304 521 Rex,
320 452 419 505 Philota
431 450 521 503 venire
539 451 568 502 in
585 453 683 520 regiam
703 451 782 520 jusso,
797 448 944 519 Cebalinus,
958 452 1052 522 inquit,

144 521 267 575 ultimum
287 521 445 590 supplicium
459 523 577 587 meritus,
591 522 612 573 si
633 521 657 572 in
677 529 755 588 caput
774 537 863 572 meum
883 532 1054 589 praeparatas

144 592 252 650 insidias
270 591 350 643 biduo
368 591 439 659 texit,
455 588 531 659 hujus
545 589 663 642 criminis
681 589 800 645 Philotan
822 607 895 641 reum
910 591 1051 643 substituit.

143 661 178 713 ad
191 678 270 729 quem
310 660 416 713 rotinus¹
428 660 555 713 indicium
567 659 699 721 detulisse
714 676 743 710 se
760 659 883 710 affirmat.
919 659 975 716 Quo
995 647 1052 728 pro:

145 731 216 800 piore
234 678 316 797 gradu
335 729 468 782 amicitiae
479 746 525 782 me
537 728 673 797 contingis,
687 727 737 781 hoc
755 729 841 798 majus
853 739 891 780 est
905 729 1051 782 dissimula-

144 801 223 852 tionis
234 809 295 851 tuae
308 798 416 868 lacinus,
431 808 457 851 et
476 815 525 865 ego
543 797 668 850 Cebalino
686 799 773 864 magis
785 815 864 865 quarn
885 799 1004 850 Philotae
1024 801 1052 852 id

145 869 285 921 convenire
299 868 389 920 fateor.
427 867 574 921 Faventem
586 866 670 919 habes
681 866 806 936 judicem,
821 868 850 933 si,
865 867 935 936 quod
947 868 1054 922 admitti

145 954 195 992 non
209 937 443 1006 oportuit,⁹saltern
457 940 547 1004 negari
565 945 658 1005 potest.
695 936 736 988 Ad
757 935 823 988 haec
844 937 961 988 Philotas
981 937 1053 991 haud
1071 971 1073 975 <

146 1024 210 1059 sane
229 1007 353 1075 trepidus,
368 1007 390 1058 si
402 1008 508 1059 animus
520 1006 595 1058 vultu
613 1006 816 1073 aestimaretur,³
827 1005 982 1059 Cebalinum
996 1009 1055 1076 qui-

145 1077 208 1129 dem
229 1076 307 1128 scorti
326 1091 476 1129 sermonem
495 1074 529 1127 ad
551 1093 579 1127 ee
596 1075 733 1143 detulisse,
750 1074 798 1126 sed
817 1075 903 1144 ipsum
926 1086 978 1127 tam
1000 1077 1055 1130 levi

145 1146 245 1199 auctori
263 1144 328 1197 nihil
346 1144 498 1213 credidisse,
513 1143 652 1214 respoudit,
667 1144 786 1211 veritum,
800 1161 835 1196 ne
851 1144 966 1213 jurgium
985 1146 1054 1200 inter

144 1224 289 1268 amatorem
314 1223 340 1266 et
364 1214 498 1267 exoletum
522 1231 573 1267 nou
597 1215 654 1266 sine
678 1214 730 1266 risu
753 1213 863 1265 eliorum
887 1214 1026 1267 detulisset
1036 1221 1055 1268 :⁴

145 1300 207 1337 curn
231 1285 343 1336 Dimnus
372 1283 533 1337 interemerit
563 1292 656 1352 semet,
680 1283 873 1352 qualiacunque
896 1293 976 1354 erant,
1001 1303 1054 1339 non

146 1353 228 1406 fuisse
241 1352 384 1405 reticenda.
420 1353 630 1421 Complexusque
643 1368 733 1422 regern
746 1368 819 1404 orare
832 1353 924 1422 coepit,
939 1364 966 1406 ut
979 1371 1054 1423 prae·

146 1423 248 1475 teritam
268 1422 351 1473 vitam
370 1422 456 1490 potius
473 1437 553 1490 quam
570 1419 682 1490 culpam,
702 1421 798 1481 silentii
815 1429 913 1490 tamen,
926 1439 975 1475 non
989 1423 1053 1477 lacti

145 1491 233 1558 ullius,
247 1492 398 1542 intueretur.
433 1490 510 1542 Haud
529 1489 609 1542 facile
625 1489 747 1558 dixerim,
761 1489 936 1544 credideritne
955 1492 979 1543 ei
998 1511 1051 1563 rex,

144 1578 179 1613 an
199 1559 279 1611 altius
300 1559 366 1621 iram
389 1558 576 1628 suppresserit:
602 1557 723 1612 dextram
748 1560 930 1613 reconciliatae
952 1563 1053 1630 gratiae

146 1629 240 1700 pignus
250 1628 352 1696 obtulit,
366 1636 393 1679 et
404 1635 587 1697 contemptum
598 1629 692 1699 magis,
702 1645 783 1698 quern
795 1628 910 1683 celatum
924 1631 1052 1685 indicium

145 1715 216 1767 ease,
229 1698 313 1750 videri
326 1697 375 1749 sibi
387 1696 463 1750 dixit.
827 1711 830 1716 ¹

178 1773 221 1820 29.
241 1768 378 1820 Advocato
396 1775 452 1818 tum
471 1764 581 1819 consilio
598 1767 752 1836 amicorum,
764 1767 809 1820 cui
827 1775 917 1821 tamen
936 1769 1054 1824 Philotas

144 1837 282 1890 adbibitus
299 1853 352 1899 non
364 1843 412 1905 eet,
425 1835 620 1889 Nicomachum
639 1835 768 1889 introduci
784 1835 867 1906 jubet.
904 1839 930 1892 ls
947 1839 1051 1910 eadem,

144 1923 213 1977 quae
234 1906 365 1958 detulerat
385 1905 419 1958 ad
440 1922 537 1975 regem,
559 1905 695 1958 ordine⁶e
732 1907 808 1958 osuit.
845 1907 907 1960 Erat
931 1909 1053 1962 Craterus

146 1977 199 2043 regi
219 1992 295 2028 carue
314 1977 342 2027 in
361 1975 462 2044 paucis,
476 1983 503 2027 et
523 1989 555 2027 eo
574 1974 720 2028 Philotaeo
751 1976 955 2030 aemulationem
969 1977 1052 2045 digni·

147 2045 209 2097 tatis
224 2045 360 2097 adversus
366 2057 375 2114 ;
399 2061 486 2114 neque
509 2045 651 2112 ignorabat,
670 2045 761 2114 saepe⁶
778 2045 921 2098 Alexandri
945 2048 1053 2101 auribus

144 2113 228 2166 nimia
247 2112 387 2181 jactatione
405 2112 508 2166 virtutis
527 2123 607 2183 atque
625 2131 721 2182 operae
741 2131 850 2182 gravem
868 2115 956 2184 fuisse,
974 2127 1000 2168 et
1017 2117 1052 2170 ob

145 2199 178 2234 ea
190 2198 240 2234 non
253 2181 361 2248 quidem
375 2182 489 2250 sceleris,
503 2183 549 2235 sed
563 2183 746 2236 contumaclae
760 2194 848 2236 tamen
867 2202 927 2237 esse
946 2204 1052 2255 suspec-

145 2260 211 2304 tum.
253 2252 313 2304 Non
336 2250 417 2303 aliam
435 2251 589 2321 premendi⁷
612 2252 712 2304 inimici
736 2254 901 2306 occasionem
924 2258 1051 2323 aptiorem

144 2321 259 2374 suturam
273 2330 352 2383 ratus,
365 2320 425 2372 odio
443 2337 490 2373 suo
508 2321 614 2390 pietatis
632 2322 784 2390 praeferens
796 2323 921 2393 speciem,
935 2325 1050 2396 Utinam,

975 2417 1048 2424 ᾳ-

143 2498 144 2503 1
176 2445 183 2468 ¹
195 2444 200 2465 ‘
210 2438 386 2494 Forthwith,‘.‘
396 2438 498 2486 without
510 2437 596 2499 delay.'

172 2498 285 2546 ⁴²‘Whet
302 2497 375 2545 dared
391 2508 431 2544 not
448 2499 477 2544 be
494 2497 733 2546 committed-that
749 2499 778 2556 is,
791 2501 832 2548 the
844 2501 924 2550 crime.
957 2503 998 2552 No
1009 2520 1050 2552 ex·

145 2572 212 2612 cusa,
226 2558 243 2603 it
255 2558 275 2604 is
286 2557 419 2614 intimated,
433 2557 503 2605 could
514 2567 537 2604 at
549 2555 581 2604 all
592 2560 622 2604 be
633 2557 750 2606 received.
791 2601 793 2605 .

175 2620 184 2644 ³
197 2615 420 2683 ‘Undisrneyedii
427 2616 465 2664 his
475 2615 546 2663 leelin
564 2632 576 2663 s
587 2630 651 2664 were
663 2627 688 2664 to
697 2619 735 2673 be,
748 2633 775 2665 or
785 2617 832 2666 had
843 2621 914 2677 been,
923 2621 1014 2682 judged
1024 2623 1051 2670 ol

146 2672 206 2721 from
218 2674 256 2721 hie
266 2676 447 2722 counienance.'
480 2675 526 2721 See
564 2692 619 2723 ram.
631 2675 645 2726 l
657 2679 708 2732 345,
722 2674 786 2724 note.

175 2737 184 2759 ⁴
195 2732 259 2779 That
271 2734 300 2787 is,
310 2751 343 2792 ne
352 2736 466 2782 detulisse
475 2736 600 2782 uideretur.

177 2790 339 2849 ‘Equivalent
351 2803 375 2839 to
386 2810 412 2840 err
422 2794 510 2839 ordine.
542 2793 588 2840 See
601 2793 662 2841 Zum
681 2803 698 2849 t,
712 2794 789 2852 lm,
801 2798 833 2843 ad
841 2799 889 2858 fin.

175 2848 287 2908 'Supply
299 2868 350 2918 eum
364 2862 406 2898 out
418 2851 445 2918 ol
459 2849 500 2897 the
516 2851 645 2918 preceding
678 2856 769 2902 hilotue.
801 2855 829 2902 In
848 2857 908 2904 such
925 2858 1052 2907 omissione

147 2907 175 2955 os
189 2908 230 2976 the
246 2921 382 2956 accusative
394 2909 453 2956 with
465 2909 505 2956 the
522 2909 648 2967 infinitive,
663 2912 762 2961 Curtius
779 2914 848 2962 takes
861 2915 921 2964 little
935 2917 1050 2973 liberties‚

147 2966 235 3020 which.
249 2967 374 3022 however,
382 2983 445 3015 were
454 2968 556 3036 perhaps
567 2969 669 3018 allowed
680 2972 702 3018 in
715 2972 755 3019 the
767 2972 841 3034 living
852 2974 890 3021 lan
910 2992 977 3036 unge.

149 3086 154 3096 ι
176 3030 184 3054 ¹
197 3026 251 3073 ‘To
261 3026 332 3094 crush
341 3028 357 3093 ξ’
370 3026 453 3086 nearly
463 3043 476 3073 e
495 3028 600 3096 urvalent
611 3030 668 3077 here
679 3039 705 3077 to
715 3035 865 3093 opprimendi.
916 3035 946 3083 he
957 3035 1051 3083 follow-

147 3043 1050 3200 llillfflilllll'lldlilidiilhillimledli⁹⁹l⁰fbh⁸i¹¹⁰⁸l³

147 3218 178 3250 no
189 3203 262 3251 doubt
273 3203 324 3250 that
335 3218 423 3272 among
434 3205 474 3253 the
485 3162 634 3274 geneielshf
646 3164 749 3267 Phiiiptlh
757 3163 1052 3280 dchoiiidie'xandeirddd

145 3263 1052 3390 utlttttr‘irltllhthlttllrtsstttrllttrtllltltili

132 3377 262 3431 deserved.
299 3381 347 3433 We
357 3381 434 3446 ought
451 3392 478 3434 to
490 3383 645 3446 sympetbiee
655 3384 718 3434 with
725 3384 848 3446 thehmg,
857 3397 902 3436 not
910 3389 1056 3438 abocellum.
