2274 3772
124 142 184 202 224
390 162 428 200 uu
452 159 559 200 onsrrs
581 158 774 211 ruuxsnunu

124 286 192 323 sum.
229 270 392 323 Detestabile
418 269 547 321 carnificis
572 267 746 320 ministerium
773 275 954 334 occupaverat
980 282 1033 335 rex,

124 340 264 392 verborum
288 339 431 405 licentiam,
455 355 525 407 quae
549 339 609 389 vino
633 347 733 405 poterat
758 336 889 405 imputari,
914 335 1036 389 nefanda

124 410 207 460 caede
220 409 299 460 ultus.
335 409 463 459 Manabat
483 417 536 458 toto
548 406 688 459 vestibulo¹
700 423 776 458 cruor
793 404 871 473 paulo
889 415 955 457 ante
974 422 1033 458 cou-

124 478 215 528 vivae:
235 478 329 544 vigiles
345 477 447 528 attoniti
460 486 485 527 et
504 476 669 544 stupentibus
688 476 789 526 similes
806 475 897 542 procul
916 475 1033 542 stabant,

123 546 324 615 liberioremque
344 547 532 615 poenitentiam
551 547 662 597 solitudo
679 544 849 612 excipiebat.l
884 545 957 610 Ergo
974 544 1034 597 hus-

123 624 177 667 tam
196 633 353 684 excerpere
370 615 483 684 jacentis
500 614 616 667 evolsam
636 616 736 665 retorsit
755 615 903 680 insumet,
919 614 1034 682 jamque

122 685 275 736 admoverat
301 688 398 752 pectori
423 701 484 737 cum
510 684 634 735 advolant
658 683 759 749 vigiles,
779 691 805 734 et
829 683 993 751 repugnanti
1018 700 1034 735 e

122 755 246 806 manibus
269 763 431 822 extorquent,
451 754 647 820 allevatumque
674 754 699 804 in
727 752 929 804 tabernaculum
958 751 1034 805 defe-

122 834 187 874 runt.
232 823 290 875 llle³
318 823 391 876 humi
422 831 594 890 prostraverat
617 838 717 889 corpus,
741 822 841 888 gemitu
872 821 1035 890 ejulatuque
1071 878 1076 894 ,

122 892 264 944 miserabili
288 901 368 945 totam
393 909 536 959 personans
566 891 674 957 regiain.
722 891 843 942 Laniare⁴
871 890 975 942 deinde
1005 907 1035 943 os

122 961 261 1028 unguibus,
287 972 313 1013 et
343 962 544 1012 circumstantes
573 977 671 1026 rogare,
696 977 728 1010 ne
755 977 783 1010 se
807 968 879 1011 tanto
904 959 1034 1012 dedecori

121 1032 290 1097 superstitem
320 1033 389 1081 esse⁶
415 1039 573 1098 paterentur.
611 1031 679 1080 lnter
707 1028 754 1079 has
779 1045 871 1095 preces
899 1037 956 1080 tota
983 1046 1035 1083 nox

121 1107 238 1151 extracta
261 1100 321 1150 est.⁸
356 1100 581 1166 scrutantemque,
601 1115 665 1149 num
689 1100 725 1149 ira
743 1097 851 1148 deorum
869 1099 905 1148 ad
925 1107 1034 1152 tanturn

120 1168 197 1219 nefas
223 1180 298 1220 actus
325 1179 402 1236 esset,
423 1169 492 1219 subit
517 1168 725 1219 anniversarium
748 1167 910 1218 sacrificium
934 1167 1035 1220 Libero

121 1237 189 1288 Patri
220 1256 269 1290 non
300 1256 359 1290 esse
390 1239 519 1288 redditum
545 1245 640 1288 statuto
664 1245 791 1303 ternpore.
838 1237 932 1302 ltaque
966 1237 1035 1289 iuter

120 1306 211 1359 vinum
230 1316 256 1359 et
275 1307 368 1375 epulas
386 1307 468 1358 caede
487 1308 635 1370 commissa,
657 1306 720 1356 iram
739 1304 782 1356 dei
801 1305 881 1365 luisse
903 1306 1035 1358 manifes-

120 1385 182 1427 tam.
219 1378 342 1428 Ceterum
368 1377 454 1442 magis
480 1374 697 1440 eomovebntur,
722 1374 790 1441 quod
817 1377 937 1425 omniurn
964 1379 1036 1429 ami·

119 1460 208 1495 corum
221 1447 323 1496 animos
335 1445 441 1495 videbat
460 1445 597 1495 attonitos:
617 1444 751 1494 neminem
770 1461 836 1494 cum
850 1443 908 1510 ipso
926 1446 1035 1497 sociare

118 1529 266 1564 sermonem
298 1521 389 1580 postea
414 1529 556 1564 ausurum:
582 1512 723 1564 vivendum
749 1530 808 1563 esse
832 1514 857 1563 in
881 1512 1035 1567 solitudine

118 1579 190 1631 velut
214 1581 287 1632 ferae
312 1582 420 1647 bestiae,
446 1583 551 1633 terrenti
581 1580 655 1648 alias,
679 1581 746 1632 alias
774 1581 899 1632 timenti!
936 1583 1035 1636 Prima

117 1648 213 1701 deinde
234 1650 293 1701 luce
312 1650 480 1702 tabernaculo
498 1667 598 1718 corpus,
612 1652 680 1702 siout
697 1651 785 1702 adhuc
802 1659 942 1702 cruentum
962 1663 1033 1722 erat,

115 1717 192 1786 jussit
206 1718 302 1771 inferri.
339 1719 397 1776 Quo
415 1721 500 1788 posito
512 1731 573 1771 ante
586 1720 679 1787 ipsum,
695 1720 809 1772 lacrimis
820 1719 926 1787 obortis,
941 1721 1025 1775 Hanc

118 1788 208 1856 inquit,
234 1789 327 1840 nutrici
351 1806 429 1840 meae
452 1790 568 1856 gratiam.
589 1789 684 1857 rettuli,
704 1789 782 1857 cujus
804 1789 856 1840 duo
879 1788 929 1840 filii
954 1761 1033 1859 apud

116 1856 241 1910 Miletum
259 1875 304 1926 pro
323 1874 384 1913 mea
401 1858 482 1926 glorie
499 1859 647 1910 occubuere
666 1867 785 1926 mortem,
800 1858 842 1909 hic
861 1857 950 1926 irater,
970 1862 1034 1913 uui-

115 1943 176 1978 eum
196 1927 313 1979 orbitatis
332 1929 463 1996 solatium,
477 1947 494 1979 a
506 1945 550 1979 me
569 1929 635 1979 inter
648 1928 740 1995 epulas
758 1927 861 1979 occisus
877 1935 928 1979 est.
967 1929 1035 1987 Quo

115 2013 185 2047 nunc
209 2014 237 2046 se
262 1997 379 2048 conseret
398 1999 512 2049 misera?
548 1998 677 2050 Omnibus
701 1997 759 2064 ejus
778 2013 845 2048 unus
863 2001 1034 2068 supersum,⁸

115 2081 196 2132 quern
209 2066 293 2117 solum
307 2068 400 2134 aequis
412 2068 496 2118 oculis
508 2067 599 2118 villere
613 2085 661 2117 non
675 2066 777 2133 poterit.
815 2066 847 2118 Et
865 2081 916 2130 ego
935 2083 1032 2121 serva-

115 2143 200 2183 torum
226 2150 344 2185 meorum
369 2136 453 2202 latro,⁹
471 2146 586 2186 revertar
611 2137 634 2186 in
659 2136 778 2202 patriam,
798 2144 826 2186 ut
847 2152 879 2184 ne
897 2134 1031 2191 dextram

114 2202 222 2268 quidem
236 2203 329 2252 nutrici
342 2204 398 2254 sine
412 2205 540 2256 memoria
552 2204 711 2255 calamitatis
722 2205 781 2272 ejus
793 2203 885 2255 offerre
899 2207 1009 2269 possim
1021 2207 1029 2261 l

114 2271 148 2322 Et
161 2287 223 2322 curn
236 2271 296 2322 finis
308 2272 425 2323 lacrimis
436 2273 603 2340 querelisque
621 2290 670 2323 non
690 2274 771 2341 tieret,
784 2273 858 2342 jussu
872 2275 1030 2330 amicorum

113 2356 207 2408 corpus
225 2341 343 2392 ablatum
364 2351 411 2392 est.
448 2344 504 2394 Rex
525 2344 641 2393 triduum
664 2343 747 2411 jacuit
770 2344 894 2393 inclusus.
933 2343 1031 2401 Quem

112 2419 140 2460 ut
153 2410 275 2477 armigeri
294 2411 461 2479 corporisque
481 2412 604 2463 custodes
622 2411 655 2462 ad
674 2412 839 2463 moriendum
857 2410 1030 2469 obstinatum

112 2496 172 2530 esse
193 2491 378 2548 cognoverunt,
392 2482 508 2532 universi
530 2481 555 2533 in
576 2481 774 2533 tabernaculum
793 2481 950 2549 irrumpunt,
965 2483 1031 2537 diu·

112 2564 163 2615 que
184 2551 307 2616 precibus
325 2549 442 2619 ipsorum
461 2551 618 2603 reluctatum
637 2567 717 2616 aegre
735 2552 861 2618 vicerunt,
880 2557 908 2601 ut
928 2552 1029 2607 cibum

959 2644 1030 2652 ——n

112 2736 124 2786 ,
136 2679 211 2784 agite
221 2681 325 2728 oblative
334 2681 393 2728 with
402 2691 448 2729 toto
459 2682 479 2728 is
490 2682 613 2741 generally
620 2683 679 2730 used
688 2683 788 2731 without
800 2685 833 2730 in.
861 2682 906 2728 See
917 2682 1026 2744 Zumpt,

139 2796 228 2863 ²‘The
245 2798 348 2845 solitudo
365 2798 471 2876 uil'opdod
488 2800 642 2859 opportunity
658 2800 694 2848 sor
710 2801 751 2848 the
768 2816 833 2848 more
851 2802 1027 2852 unrestrained

110 2856 416 2971 “Ptlttlllltttlh
450 2917 694 2975 strumum.

137 2971 209 3018 ⁴The
221 2972 363 3031 descriptivc
376 2975 499 3023 infinitivo.
531 2976 577 3022 See
592 2977 670 3024 Grom.
682 2978 695 3028 l
706 2981 756 3025 390.

138 3031 209 3077 ΗΤο
226 3033 346 3087 survive;’
364 3045 481 3094 superstes
498 3036 557 3082 used
574 3038 605 3095 by
623 3036 721 3083 Curtius
738 3037 798 3083 with
819 3036 858 3082 the
875 3036 967 3094 dative,
987 3040 1024 3099 by

108 3090 190 3138 others
218 3090 324 3149 enerally
336 3092 394 3138 with
407 3094 447 3139 the
459 3094 572 3160 genitive.
605 3095 650 3141 See
665 3095 762 3154 Zumpt,
776 3095 851 3145 ton.

136 3106 262 3207 ‘Perhaps
274 3165 311 3217 we
323 3165 367 3196 cun
379 3152 431 3197 best
444 3168 497 3256 give
510 3153 550 3198 the
567 3153 629 3220 force
646 3153 673 3200 of
686 3159 803 3201 estrhlrere
818 3157 850 3213 by
861 3155 1010 3238 translating

109 3208 177 3255 ‘The
191 3209 267 3255 whole
280 3208 346 3267 night
359 3210 412 3262 (and
424 3227 437 3255 u
457 3227 504 3270 ong
517 3227 656 3258 wearrsome
669 3214 735 3273 night
748 3214 765 3260 it
777 3219 836 3266 was)
848 3228 899 3260 was
910 3225 991 3272 spent.

135 3267 300 3327 'Beautisully
311 3268 377 3314 said:
393 3274 420 3315 ‘a
432 3269 486 3316 wild
500 3272 567 3317 beast
579 3271 681 3320 terrifice
692 3288 768 3327 some.
781 3272 844 3320 leurs
854 3272 955 3321 others.¹

134 3330 142 3355 ⁸
154 3327 180 3372 ‘I
192 3328 260 3374 alone
273 3327 368 3374 survive
380 3326 412 3373 all
424 3327 466 3373 her
477 3329 606 3377 relatives)

128 3386 318 3448 '‘Morderer;’
331 3403 345 3437 a
357 3403 423 3437 ruere
435 3388 523 3439 robber
534 3388 556 3438 is
566 3391 662 3453 proedo.
