2274 3772
119 162 180 219 25ss
384 175 423 233 ur
448 175 554 215 orsrrs
575 175 761 216 rusxsnuar.

120 286 214 340 LXXX
235 285 336 339 talenta
356 283 492 337 constituit
514 283 639 337 daturum
656 284 824 353 Alexander,
847 291 875 337 et
893 283 980 337 altero
1002 300 1045 339 ex

124 354 262 409 'urenibus
280 353 381 407 obside¹
402 361 509 422 retento,
526 353 614 422 ipsum
632 352 667 407 ad
687 355 852 423 exequenda,
866 369 938 422 quae
959 353 1040 408 obtu-

130 433 194 492 erst,
218 424 327 477 dimisit.
374 423 481 475 Leviter
503 425 612 475 armatis
640 422 694 475 dux
719 422 797 475 datus
823 432 864 475 eet
890 422 1038 493 Mullinus,

121 492 208 555 scriba
231 494 308 561 regis.
344 492 398 545 Hos
421 491 495 545 enim
517 491 628 545 circuitu
651 493 697 562 qui
720 491 842 545 fallerent
860 491 989 561 hostem,²
1010 495 1039 546 iu

120 579 256 617 summurn
268 562 361 632 jugum
391 561 495 614 lacebat
512 561 634 614 evadere.
670 561 749 614 Petra
766 578 825 630 non,
838 569 867 613 ut
879 560 1029 631 pleraeque

120 631 232 686 modicis
249 649 282 685 ac
300 580 424 684 mollihus
442 630 528 683 clivis³
539 631 566 683 in
579 630 692 683 sublime
711 630 846 699 fastigium
865 631 999 700 crescit,e

121 701 148 755 in
165 712 255 755 metae
272 701 390 755 maxime
408 700 528 753 modum⁴
545 708 633 752 erecta
651 707 699 768 est,
712 700 789 769 cnjus
805 701 859 755 ima
877 701 1039 768 spatiosiora

120 780 189 840 sunt,
211 772 302 824 altiora
321 770 349 823 in
370 771 452 823 artius
475 776 578 838 coeunt,
598 786 704 823 summa
724 769 749 821 in
768 780 877 822 acutum
900 786 1038 824 cacumen

121 853 274 909 exsurgunt.
310 839 423 893 Radices
434 839 493 908 ejus
504 840 586 892 Indus
597 838 684 891 amnis
696 839 773 907 subit,
787 839 927 908 praealtus,
942 840 1038 893 utrim-

121 927 175 979 que
186 911 288 980 asperis
299 910 380 979 ripis:
399 908 434 962 ab
445 907 528 961 altera
540 922 612 978 parte
626 909 763 976 voragines
780 908 947 977 eluviesque⁶
958 925 1037 978 prae-

46 1031 50 1039 ,
121 988 214 1048 ruptae
238 987 306 1032 sunt.
341 980 401 1032 Nec
424 977 478 1030 alia
501 977 669 1047 expugnandi
692 977 801 1047 patebat
824 977 875 1046 via,
897 994 980 1046 quarn
1006 988 1038 1032 ut

122 1049 291 1118 replerentur.
339 1048 382 1102 Ad
405 1065 516 1100 manum
539 1047 606 1112 silva
629 1055 692 1116 erat,
716 1064 798 1116 quam
821 1064 868 1100 rex
891 1047 928 1099 ita
955 1047 1037 1101 caedi

120 1116 205 1198 jussit,
220 1127 247 1172 ut
259 1117 321 1171 nudi
338 1117 440 1187 stipites
456 1117 618 1187 jacerentur:
637 1117 735 1186 quippe
753 1116 821 1169 rami
838 1115 930 1168 fronde
945 1117 1037 1171 vestiti

122 1187 295 1257 impedissent
313 1185 438 1240 ferentes.
473 1187 533 1256 lpse
552 1186 654 1256 primus
674 1196 793 1239 truncam
814 1186 936 1238 arborem
954 1186 1022 1256 jecit
1028 1203 1037 1255 5

122 1257 275 1327 clamorque
304 1258 444 1327 exercitus,
469 1256 549 1313 index
577 1256 726 1324 alacritatis,
751 1265 859 1308 secutus
887 1264 936 1324 est,
962 1256 1037 1309 nullo

121 1327 287 1381 detrectante
298 1344 403 1396 munus,
416 1327 485 1394 quod
498 1342 545 1378 rex
556 1325 748 1394 occupavisset.

157 1401 198 1449 tc.
217 1397 288 1450 Intra
305 1398 450 1465 septimum
467 1395 540 1448 diem
557 1410 685 1447 cavernas
708 1393 885 1463 expleverant,
904 1411 969 1446 cum
988 1411 1039 1448 rex

122 1465 269 1532 sagittarios
291 1473 319 1518 et
340 1465 470 1533 Agrianos
492 1464 567 1533 jubet
625 1480 636 1514 r
658 1464 741 1517 ardua
764 1463 820 1515 niti.
860 1464 1038 1532 Juvenesque

122 1533 331 1603 promptissimos
348 1549 383 1586 err
399 1550 447 1586 sua
464 1530 570 1586 cohorte
670 1532 776 1601 delegit.
812 1532 901 1584 Duces
918 1532 962 1585 his
979 1533 1039 1586 dati

122 1610 184 1657 sunt
195 1601 295 1654 Charus
313 1610 340 1654 et
351 1601 510 1664 Alexander,
522 1618 604 1671 quern
623 1619 668 1655 rex
680 1603 801 1671 nominis,
814 1601 882 1670 quod
901 1600 953 1655 sibi
972 1619 1037 1656 curu

122 1686 155 1724 eo
173 1687 315 1724 commune
334 1680 414 1739 esset,
433 1671 578 1724 admonuit.
613 1674 655 1725 Ac
675 1672 767 1741 primo,
789 1672 851 1740 quia
872 1680 926 1723 tarn
949 1673 1038 1725 mani·

123 1739 221 1794 festum
240 1741 386 1811 periculum
407 1750 471 1810 erat,
493 1741 579 1810 ipsum
599 1757 690 1809 regem
709 1740 852 1794 discrimen
871 1740 961 1792 subire
983 1757 1039 1794 non

123 1810 237 1880 placuit:
273 1810 321 1864 scd
350 1819 378 1864 ut
408 1811 514 1880 signum
543 1810 608 1864 tuba
636 1811 729 1864 datum
757 1820 806 1878 est,
838 1810 876 1862 vir
903 1810 1039 1863 audaciae

123 1888 260 1950 promptae
272 1897 414 1933 conversus
425 1881 459 1932 ad
472 1879 586 1950 corporis
603 1880 726 1933 custodes
743 1879 819 1948 sequi
838 1895 867 1930 sc
883 1877 969 1947 jubet,
984 1880 1038 1949 pri·

122 1966 236 2019 musque
259 1949 358 2003 invadit
381 1951 408 2003 in
432 1949 544 2019 rupem.⁶
578 1951 637 2003 Neo
660 1949 757 2007 deinde
781 1949 920 2017 quisquam
941 1949 1039 2002 Mace-

122 2018 222 2071 donum
245 2019 368 2087 substitit,
394 2020 545 2088 relictisque
574 2019 728 2072 stationibus
754 2036 802 2071 sua
825 2027 917 2086 sponte
942 2035 1039 2087 regem

122 2087 308 2156 sequebantur.
345 2089 491 2142 Multorum
503 2088 663 2142 miserabilis
675 2087 724 2141 luit
735 2105 820 2156 casus,
833 2104 899 2155 quos
912 2104 946 2139 ex
959 2105 1039 2156 prae·

123 2167 199 2223 rupta
219 2172 282 2224 rupe
302 2156 389 2226 lapsos
408 2158 494 2210 amnis
512 2159 702 2227 praeterfluens
720 2157 815 2225 hausit,
837 2157 910 2208 triste
930 2167 1039 2225 specta-

121 2225 213 2278 culum
236 2225 319 2277 etiam
342 2243 392 2278 non
416 2226 625 2294 periclitantibus
632 2244 640 2295 3
664 2244 727 2279 cum
746 2243 808 2279 vero
830 2225 917 2277 alieno
943 2226 1038 2296 exitio,

122 2295 185 2364 quid
206 2294 269 2363 ipsis
288 2294 435 2348 timendum
453 2294 528 2364 foret,
540 2295 752 2365 admonerentur,
765 2296 791 2347 in
811 2304 913 2348 metum
932 2297 1039 2348 miseri-

121 2363 211 2417 cordia
224 2381 306 2433 versa,
320 2381 370 2417 non
383 2364 520 2432 extinctos,
530 2364 578 2418 sed
591 2365 899 2434 semetipsosdeflebant.
932 2365 967 2417 Et
980 2364 1039 2435 jam

121 2451 155 2488 eo
167 2443 323 2502 perventum
336 2443 399 2503 erat,
414 2433 484 2487 unde
496 2433 552 2487 sine
565 2435 680 2503 pernicie
693 2436 742 2488 nisi
755 2436 868 2487 victores
884 2433 971 2486 redire
984 2451 1039 2488 non

123 2513 237 2572 possent,
251 2503 368 2572 ingentia
386 2521 450 2557 saxa
468 2505 493 2556 in
513 2504 657 2557 subeuntes
675 2503 887 2573 provolventibus
905 2503 1036 2574 barbaris,

122 2573 182 2640 quis
205 2574 318 2643 perculsi
342 2573 457 2627 instabili
481 2582 508 2626 et
531 2573 631 2626 lubrico
650 2573 734 2641 gradu
754 2574 913 2642 praecipites
933 2574 1038 2626 recide-

123 2640 206 2694 hant.⁷
241 2643 386 2696 Evaserant
406 2652 496 2696 tamen
519 2643 670 2696 Alexander
697 2651 724 2694 et
751 2643 860 2711 Charus,
881 2659 948 2710 quos
973 2660 1038 2696 cum

153 2756 160 2778 ¹
170 2751 239 2799 With
250 2753 335 2813 regard
345 2764 370 2801 to
381 2753 429 2801 this
440 2753 611 2809 construction,
625 2769 665 2800 see
678 2754 776 2813 Zumpt,
789 2754 803 2805 l
814 2756 866 2809 394,
880 2765 936 2801 note
947 2759 970 2802 2.

135 2813 162 2916 ί
174 2808 254 2857 ‘'l'hut
264 2813 296 2872 by
307 2812 406 2874 making
417 2811 524 2861 acircuit
536 2813 594 2873 they
603 2812 680 2873 might
691 2813 789 2862 deceive
802 2815 840 2869 (be
851 2813 984 2863 unnoticed
995 2816 1038 2875 by)

123 2878 246 2916 teenem
266 2870 280 2917 .'

152 2885 311 2976 ³‘Asceynta’
395 2931 397 2937 '

153 2986 227 3035 ‘The
243 2997 312 3036 stone
328 2998 396 3047 meto,
408 2989 450 3039 the
465 2990 521 3052 goel
536 2991 560 3039 in
576 3006 591 3039 o
605 3006 766 3048 tace-course,
784 2991 831 3040 had
847 2990 888 3038 the
904 2989 965 3039 sorm
983 2990 1013 3040 ol'
1024 3008 1040 3040 a

123 3045 292 3154 wilrdlidsfins
308 3106 353 3174 und
369 3105 447 3176 cleftss
464 3109 557 3157 formed
572 3108 657 3169 hythe
673 3110 752 3157 action
768 3109 797 3157 of
808 3120 891 3157 water.
924 3109 980 3178 The
997 3110 1040 3160 old

123 3163 208 3213 Iudran
220 3164 266 3213 had
276 3164 365 3225 gurded
376 3165 494 3215 Mullrnus
506 3178 530 3215 to
541 3167 582 3215 the
594 3183 639 3216 one
650 3169 712 3228 pealr
723 3169 752 3216 of
758 3169 799 3216 the
810 3169 877 3224 rock,
888 3179 1001 3227 opposite
1013 3180 1040 3218 to

123 3224 176 3272 that
187 3224 266 3272 which
275 3240 326 3272 was
337 3225 478 3284 occupiedb
507 3226 547 3275 the
559 3228 705 3277 barbarians.
738 3227 792 3276 The
804 3238 861 3276 next
877 3226 947 3288 thing
964 3238 991 3277 to
1007 3230 1039 3278 be

122 3281 185 3332 done
196 3299 247 3332 was
258 3295 283 3332 tc
293 3283 328 3332 fill
339 3298 370 3342 up
382 3283 422 3330 the
434 3284 470 3332 cle
482 3297 511 3342 rs,
525 3286 572 3334 and
583 3286 639 3334 thus
650 3286 721 3335 resch
732 3286 773 3335 the
784 3287 854 3335 other
864 3285 935 3346 peak.

151 3347 160 3372 ⁸
173 3342 225 3391 ‘He
236 3359 332 3404 presses
343 3358 374 3390 on
382 3352 408 3390 tc
419 3342 460 3390 the
471 3343 546 3393 roclr.'

147 3402 222 3465 '‘By
234 3403 315 3456 which
328 3401 387 3467 they
399 3418 465 3455 vvere
480 3403 577 3461 struck,
586 3403 646 3472 and,
655 3403 718 3451 their
726 3403 805 3451 tostin
832 3404 909 3481 beiup
921 3404 1037 3457 insecura

105 3460 158 3512 and
167 3463 289 3530 slippery,
303 3481 372 3518 were
383 3481 444 3518 ever
454 3463 508 3518 aud
516 3460 820 3522 annuntiares-«ausa
829 3459 901 3517 tarra.
