2274 3772
131 169 191 247 208
396 184 436 224 ns
460 184 567 224 ussrrs
589 183 774 224 rusxrnoru.

133 294 259 362 intuleris,
280 295 356 348 bouis
375 294 470 346 amicis
492 295 590 363 poteris
610 293 656 346 uti.
692 295 763 346 Nam
785 303 811 344 et
831 291 993 345 firmissima
1013 302 1056 347 est

133 365 200 417 iuter
212 381 291 433 pares
302 364 429 430 amicitia,
442 373 469 416 et
482 363 604 416 videntur
616 381 699 432 pares,
713 363 758 431 qui
775 380 826 415 non
844 362 971 415 lecerunt
984 362 1055 416 iuter

133 452 162 488 se
181 433 328 502 periculum
346 434 451 486 virium.
488 434 560 492 Quos
579 434 694 502 viceris,¹
712 434 814 485 amicos
833 431 879 484 tibi
900 448 966 484 esse
986 449 1055 485 cave

132 505 241 557 credas:
262 505 328 556 inter
340 503 479 556 domiuum
497 513 524 555 et
543 520 649 555 servum
668 502 741 555 nulla
757 503 877 556 amicitia
889 512 950 554 est:
971 503 1055 556 etiam

133 574 158 626 in
189 590 255 641 pace
285 573 348 626 belli
378 583 469 625 tamen
497 573 555 641 jura
584 574 741 625 servantur.²
786 573 904 626 Jurundo
935 572 1054 640 gratiam

133 643 246 713 Scythas
258 645 360 696 sancire
372 659 406 694 ne
419 643 565 695 credideris
573 643 591 695 :³
607 642 719 694 colendo
731 641 821 710 fidem,
833 641 933 710 jurant.
972 642 1054 694 Grae·

133 731 223 787 cprum
238 713 287 765 ista
299 714 386 765 cautio
399 722 448 782 est,
461 713 506 781 qui
526 722 603 781 pacta
615 713 778 780 consignant,
791 722 818 765 et
831 713 897 767 deos
909 712 1053 766 invocant:

133 801 181 836 nos
201 784 356 850 religionem
376 784 402 835 in
424 784 481 851 ipsa
500 782 554 834 fide
575 783 706 835 novimus.
743 781 795 840 Qui
819 799 870 834 non
896 792 1056 835 reverentur

134 853 262 921 homines,
285 853 378 905 fallunt
399 852 472 904 deos.
509 853 568 906 Nec
587 852 635 905 tibi
655 853 742 905 amico
762 869 829 920 opus
849 861 898 920 est,
919 853 957 903 de
978 851 1057 922 cujus

56 968 60 974 .
133 923 314 976 benivolentia
332 923 446 976 dubites.
483 923 609 975 Ceterum
621 938 669 974 nos
681 931 708 976 et
720 922 802 975 Asiae
815 931 841 973 et
854 923 984 990 Europae
997 939 1055 975 cus·

133 994 210 1046 tudes
240 994 365 1046 habebis:
396 992 497 1062 Bactra,
522 992 573 1044 nisi
597 991 699 1044 dividat
725 991 831 1059 Tanais,
856 993 1054 1060 contingimus:

133 1062 201 1115 ultra
218 1063 330 1116 Tanaim
350 1062 487 1131 usquead
507 1061 648 1115 Thraciam
661 1061 789 1129 colimus,
808 1061 942 1114 Thraciae
962 1063 1056 1115 Mace-

133 1132 241 1186 doniam
265 1133 436 1203 conjunctam
459 1149 520 1184 esse
544 1131 617 1184 lama
640 1142 690 1184 est.
733 1131 845 1199 Utrique
870 1132 989 1201 imperio
1012 1141 1057 1185 tuo

132 1203 266 1270 finitimos,
280 1203 370 1256 hostes
382 1220 416 1255 an
429 1203 531 1255 amicos
543 1200 611 1254 velis
623 1218 691 1270 esse,
705 1201 851 1254 considera.

167 1278 208 1326 36.
234 1274 308 1326 Haec
332 1273 467 1326 barbarus.
504 1273 600 1324 Contra
620 1288 667 1324 rex
686 1271 790 1324 fortuna
811 1288 859 1323 sua
883 1279 912 1323 et
937 1270 1058 1325 consiliis

132 1360 224 1397 eorum
237 1361 266 1396 se
280 1361 389 1396 usurum
402 1360 463 1394 esse
475 1342 625 1410 respondet.
656 1342 727 1395 Nam
740 1350 767 1394 et
779 1341 921 1409 fortunam,
936 1343 984 1395 cui
997 1358 1059 1395 con·

132 1413 204 1480 fidat,
225 1422 252 1466 et
270 1413 410 1465 consilium
428 1411 606 1481 suadentium,
626 1427 660 1463 ne
679 1411 744 1480 quid
762 1419 864 1463 temere
881 1420 907 1463 et
923 1413 1059 1465 audacter

132 1482 220 1549 faciat,
234 1491 397 1535 secuturum.
433 1481 612 1550 Dimissisque
628 1481 732 1549 legatis,
752 1483 779 1534 iu
797 1490 975 1549 praeparatas
989 1491 1060 1536 rates

132 1553 280 1605 exereitum
300 1551 434 1619 imposuit.
477 1551 505 1602 ln
524 1551 607 1620 proris
624 1551 752 1620 clipeatos
769 1551 912 1619 locaverat,
925 1549 1021 1619 jussos
1033 1553 1058 1607 iu

131 1638 222 1690 genua
246 1622 392 1688 subsidere,
412 1637 465 1689 quo
486 1621 596 1673 tutiores
619 1631 710 1674 esseut
733 1620 862 1674 adversus
882 1621 957 1674 ictus
979 1623 1061 1692 sagit·

132 1701 227 1743 tarum.
265 1692 326 1743 Post
350 1689 399 1742 hos
422 1691 467 1760 qui
486 1698 617 1744 tormenta
636 1690 815 1744 intenderent⁴
834 1689 952 1760 stabant,
975 1701 1006 1745 et
1024 1690 1061 1747 ab

131 1770 241 1830 utroque
260 1761 350 1828 latere,
364 1771 391 1812 et
408 1777 426 1813 a
443 1759 528 1813 fronte
546 1760 703 1814 circumdati
720 1759 839 1814 armatis.
875 1759 997 1831 Reliqui,
1010 1762 1060 1832 qui

132 1840 189 1901 post
203 1840 334 1885 tormenta
345 1831 524 1900 constiterant,
537 1831 677 1899 remigem⁵
693 1830 800 1883 loricam
820 1829 946 1882 indutum
968 1841 1059 1885 scuto·

132 1918 188 1954 rum
203 1901 336 1954 testudine
349 1901 443 1954 armati
456 1900 637 1969 protegebant.
674 1899 750 1953 Idem
764 1899 826 1952 ordo
838 1900 865 1952 in
878 1899 932 1952 illis
944 1917 1059 1971 quoque

132 1973 238 2040 ratibus,
252 1989 321 2040 quae
340 1972 459 2041 equitem
472 1970 606 2023 vehebant
628 1979 749 2024 servatus
765 1979 814 2023 est.
850 1969 938 2039 Major
958 1988 1060 2039 parsu

131 2042 232 2110 puppe⁰
254 2051 349 2095 nautes
373 2059 456 2109 equos
478 2040 540 2093 loris
564 2010 693 2092 trahebat.
739 2044 775 2094 At
798 2040 863 2105 illos,
888 2057 958 2107 quos
984 2051 1060 2095 utres

131 2119 275 2163 stramento
296 2128 321 2162 re
342 2110 388 2162 leti
407 2110 549 2179 vehebant,
571 2110 692 2181 objectae
712 2119 782 2163 rates
802 2109 954 2163 tuebantur.
996 2112 1059 2181 Ipse

131 2196 178 2232 rex
201 2197 263 2232 cum
287 2128 400 2232 delhctis
423 2181 523 2248 primus
547 2188 630 2232 ratem
655 2180 739 2249 solvit,
761 2189 788 2233 et
812 2180 838 2232 in
863 2179 950 2247 ripam
976 2181 1060 2250 dirigi

129 2247 216 2318 jussit.
253 2250 301 2301 Cui
315 2247 430 2317 Scythae
443 2249 565 2301 admotos
581 2248 688 2302 ordines
706 2249 828 2318 equitum
841 2249 866 2301 in
880 2249 967 2317 primo
983 2251 1059 2320 ripae

130 2320 251 2388 margine
269 2327 411 2388 opponunt,
424 2328 453 2371 ut
471 2336 505 2371 ne
523 2319 649 2388 applicari
668 2320 778 2388 quidem
797 2329 881 2372 terrae
901 2328 977 2370 rates
997 2339 1058 2390 pos·

130 2397 198 2441 sent.
235 2390 361 2442 Ceterum
380 2400 482 2459 praeter
493 2388 563 2441 hanc
578 2391 696 2457 speciem
711 2390 772 2458 ripis
784 2388 964 2460 praesidentis
978 2407 1059 2444 exer·

130 2460 207 2529 tritus,
229 2459 322 2528 ingens
345 2459 503 2527 navigantes
526 2468 606 2511 terror
630 2459 779 2512 invaserat:
804 2475 922 2526 namque
942 2476 1057 2515 cursum

129 2530 326 2598 gubernatores,
341 2547 403 2583 cum
415 2529 521 2598 obliquo
533 2529 644 2582 flumine
663 2529 870 2598 impellerentur,
884 2544 981 2596 regere
1002 2547 1056 2585 nou

129 2609 257 2669 poterant,
274 2601 485 2669 vacillantesque
504 2599 611 2668 milites,
628 2608 655 2651 et
675 2617 709 2651 ne
728 2606 915 2651 excuterentur
935 2599 1056 2668 solliciti,

129 2677 270 2721 nautarum
292 2671 439 2722 ministeria
462 2669 639 2722 turbaverant.
683 2669 725 2722 Ne
750 2669 803 2721 tela
826 2666 936 2736 quidem
961 2670 1057 2725 conati

130 2738 201 2789 nisu⁷
219 2739 323 2791 vibrare
342 2747 469 2808 poterant,
483 2755 546 2792 curn
563 2739 633 2808 prior
645 2739 731 2791 standi
750 2739 807 2790 sine
826 2737 952 2807 periculo,
968 2756 1055 2808 quarn

130 2838 211 2887 which
222 2838 276 2887 lead
288 2839 344 2887 thee
361 2850 385 2888 to
402 2841 479 2922 l'orget
490 2840 534 2901 thy
545 2840 635 2889 human
647 2851 740 2896 nature,
754 2839 800 2888 and
811 2839 852 2888 the
865 2839 912 2886 lact
925 2839 980 2887 thut
993 2841 1056 2891 thou

129 2899 460 3026 misererentur,
530 2960 610 3007 a,
623 2959 700 3011 aa.
945 3019 950 3027 ,

158 3017 244 3065 'That
255 3033 285 3073 rs,
298 3033 360 3065 even
376 3020 400 3066 in
416 3034 489 3078 peuce
506 3019 565 3079 they
580 3020 672 3067 remain
687 3019 805 3075 anemius,
821 3018 868 3066 and
884 3029 1005 3068 continue
1017 3030 1056 3071 to·

130 3077 209 3126 words
221 3077 280 3125 euch
293 3076 362 3125 other
372 3094 402 3125 on
415 3079 455 3126 the
467 3079 559 3138 footing
570 3078 598 3126 of
609 3094 667 3126 war.

158 3143 167 3167 ¹
178 3137 246 3196 Why
257 3146 298 3185 not
310 3140 448 3186 accredas?
481 3138 527 3186 See
540 3138 638 3197 Zumpt,
652 3138 681 3189 ii
693 3142 746 3193 529,
759 3148 825 3194 note,
839 3137 887 3185 und
897 3140 952 3185 586.

157 3202 167 3225 ⁴
179 3197 261 3245 ‘Who
272 3196 359 3244 should
371 3197 462 3244 stretch
473 3197 515 3244 the
526 3198 689 3258 war-engines
698 3198 714 3254 ;’
729 3199 780 3245 that
798 3198 827 3252 is,
841 3197 881 3244 the
898 3198 1005 3258 engirres
1017 3199 1057 3250 for

129 3257 249 3317 throwing
260 3256 373 3305 missiles.
406 3255 454 3303 We
465 3257 541 3315 spealr
552 3256 580 3305 os
594 3257 706 3318 ‘serving
717 3257 757 3304 the
769 3258 850 3317 guus.'

158 3324 166 3348 ¹
177 3316 338 3377 Collectively
348 3315 384 3364 for
395 3317 500 3378 remiges.
533 3316 580 3364 See
592 3316 691 3376 Zumpt,
704 3317 718 3367 l
729 3319 780 3364 364.

153 3380 164 3406 ’
170 3376 302 3440 Lirerally,
319 3375 395 3426 ‘from
407 3375 449 3425 the
460 3377 551 3435 sterut'
565 3375 662 3432 thetis,
675 3382 681 3402 ¹
692 3376 777 3424 untho
786 3376 868 3422 stem!

147 3439 175 3463 '¹
187 3436 256 3488 With
268 3440 310 3490 tho
317 3448 431 3504 greatest
441 3437 572 3495 exenium*
587 3431 912 3485 ‘withtbeutmostehortss
924 3446 1070 3500 ostream,

104 3497 250 3563 omlning
257 3516 339 3566 every
348 3519 428 3555 uerso
436 3502 454 3554 ε’
466 3495 767 3554 conotivrslloxpressss
774 3485 1086 3537 concentmtcusxemm
