2274 3772
487 221 579 262 murm
598 222 640 262 rx.
958 206 1016 262 285

110 331 215 400 Quippe
231 331 328 384 occisis
344 329 505 401 quibusdam
523 331 708 400 popularium,¹
719 330 763 399 qui
783 330 924 382 validiores
941 339 1016 383 erant

111 417 185 453 arma
199 410 317 470 spectare
329 409 478 469 coeperunt,
492 409 518 451 et
530 400 668 453 Bactriana
680 416 749 468 arce,
763 417 831 469 quae
852 416 916 451 casu
936 398 1016 468 negli-

111 470 216 537 gentius
235 479 370 522 asservata
389 479 452 539 erat,
472 478 608 539 occupata,
622 469 746 522 barbaros
765 485 870 538 quoque
889 469 915 521 in
936 470 1016 522 socie-

112 549 196 590 tatem
218 539 376 592 deiectionis
404 539 570 606 impulerant.
606 538 790 590 Athenodorus
816 549 871 590 eret
895 540 1017 609 princeps

111 623 212 675 eorum,
226 609 270 678 qui
284 609 353 676 regis
364 624 468 678 quoque
481 622 576 660 nomen
588 616 774 676 assumpserat,
786 617 900 660 nontam
914 609 1017 677 imperii

110 677 248 745 cupidine,
260 695 339 746 quarn
359 678 384 728 in
404 675 517 746 patriam
536 676 682 729 revertendi
692 670 762 728 'curn
782 676 830 745 his,
843 677 893 746 qui*
907 677 1016 730 auotori-

113 755 197 798 tatem
215 748 297 815 ipsius
315 745 499 814 sequebantur.
536 747 605 798 Huic
616 745 675 798 Bito
692 746 800 814 quidam
819 748 931 798 nationis
949 746 1016 815 ejus·

112 815 184 884 dem,
199 817 244 867 sed
257 815 291 867 ob
302 815 510 868 aemulationem
522 815 639 883 infestus,
650 816 810 883 compararit
823 815 939 883 insidias,
953 816 1017 867 invi-

114 894 251 953 tatumque
269 884 304 936 ad
323 885 415 952 epulas
434 901 480 954 per
499 883 599 936 Boxum
618 883 750 953 quendam
774 884 969 937 Macarianum²
992 886 1017 936 in

113 954 233 1005 convivio
252 954 357 1005 occidit.
394 953 499 1005 Postero
522 953 566 1005 die
586 954 708 1006 contione
726 953 854 1005 advocata
874 953 931 1005 Bito
952 953 1017 1006 ultro

115 1021 268 1074 insidiatum
281 1023 331 1074 sihi
344 1021 542 1075 Athenodorum
555 1022 685 1091 plerisque
698 1032 880 1091 persuaserat:
900 1024 947 1075 sed
959 1023 1018 1075 aliis

114 1103 239 1159 suspecta
256 1100 312 1142 erat
329 1091 401 1142 sreus
418 1090 524 1158 Bitonis,
537 1102 563 1143 et
582 1092 708 1160 paulatim
725 1093 750 1143 in
765 1090 852 1161 plures
864 1092 950 1160 coepit
964 1109 1018 1144 ma-

116 1176 179 1211 nare
197 1161 318 1229 suspicio.
355 1160 446 1229 ltaque
458 1161 553 1212 Graeci
572 1161 763 1224 militesarme
780 1162 894 1230 capiunt,
907 1162 1017 1212 occisuri

116 1228 243 1297 Bitonem,
261 1231 283 1281 si
301 1229 406 1281 daretur
422 1231 538 1281 occasio:
558 1240 677 1283 ceterum
695 1230 827 1299 principes
844 1247 935 1282 eorurn
953 1233 1018 1282 iram

115 1298 293 1351 multitudinis
315 1299 509 1366 mitigaverunt.
546 1300 653 1352 Praeter
676 1316 752 1368 spem
771 1316 847 1352 suem
869 1299 925 1350 Bito
945 1315 1017 1367 prae-

115 1368 183 1419 senti
199 1368 314 1436 periculo
331 1377 444 1436 ereptus,
458 1368 536 1437 paulo
547 1378 604 1437 post
617 1368 755 1421 insidiatus
766 1367 917 1421 auctoribus
928 1368 1019 1420 salutis

114 1453 179 1488 suae
197 1444 252 1489 eet:
271 1437 348 1507 eujus
365 1437 424 1489 dolo
442 1439 552 1505 cognito,
566 1448 593 1489 et
611 1439 696 1508 ipsum
715 1436 979 1507 comprehenderunt,
992 1446 1019 1489 et

116 1505 225 1558 Boxum.
261 1507 386 1559 Ceterum
398 1507 497 1559 Boxum
517 1508 633 1577 protinus
651 1507 749 1576 placuit
763 1506 882 1574 interfici,
896 1506 1018 1558 Bitonem

113 1573 193 1627 etiarn
208 1593 255 1644 per
266 1577 410 1628 cruciatum
424 1577 520 1628 necari.
549 1577 662 1645 lamque
674 1577 772 1647 corpori
786 1585 917 1628 tormenta
928 1575 1018 1628 admo·

115 1644 250 1713 rebantur,
263 1663 326 1698 curn
343 1645 449 1713 milites,
463 1647 591 1698 incertum
604 1647 637 1698 ob
650 1663 728 1714 quam
742 1662 859 1710 causam,
874 1644 1018 1714 lymphatis

114 1713 228 1765 similes¹
244 1714 280 1766 ad
297 1732 371 1767 arma
389 1714 544 1767 discurrunt.
579 1715 696 1772 Quorum
710 1715 814 1767 fremitu
828 1713 959 1780 exaudito,
974 1718 1016 1783 qui

113 1790 234 1850 torquere
257 1783 378 1835 Bitonem
402 1784 466 1852 jussi
485 1794 567 1851 erant,
586 1786 706 1852 omisere,
727 1785 809 1852 veriti,
829 1800 862 1834 ne
883 1783 909 1834 id
930 1783 1018 1837 iacere

114 1851 331 1903 tumultuantium
351 1852 536 1905 vociferatione
555 1852 774 1921 prohiberentur.⁴
810 1852 865 1919 ille,
885 1851 952 1903 sicut
972 1868 1018 1903 nu·

113 1920 192 1972 datus
204 1931 267 1987 erat,
281 1921 443 1988 pervenitad
456 1922 577 1988 Graecos,
589 1929 616 1972 et
627 1919 785 1972 miserabilis
797 1920 880 1971 iacies
892 1920 1018 1988 supplicio

114 1987 238 2041 destinati
251 1989 277 2040 irr
290 1989 423 2040 diversum
436 1990 539 2041 animos
551 1999 659 2067 repente
669 1990 786 2057 mutarit,
796 1989 946 2057 dimittique
955 2005 1016 2040 eum

112 2056 255 2126 jusserunt.
292 2058 347 2109 lloo
366 2058 443 2109 modo
462 2074 545 2125 poena
562 2057 605 2109 hrs
622 2057 757 2126 liberatus,
776 2075 836 2109 oum
856 2057 958 2120 ceteris,
972 2060 1016 2125 qui

114 2126 231 2178 colonias
253 2143 269 2177 a
293 2143 354 2194 rege
377 2125 516 2178 attributas
536 2127 702 2195 reliquerunt,
724 2128 830 2179 revertit
851 2127 875 2179 in
895 2126 1016 2195 patriam.

115 2195 270 2251 Haecciroa
282 2195 376 2248 Bactra
388 2204 415 2248 et
426 2195 582 2264 Scythemm
595 2197 721 2248 terminos
729 2207 815 2264 gesta.

151 2269 193 2316 28.
212 2266 318 2318 interim
332 2283 420 2332 regem
432 2265 544 2317 duarum
555 2266 682 2333 gentium,
692 2266 726 2316 de
736 2267 832 2334 quibus
843 2274 904 2316 ante
917 2264 1017 2318 dictum

113 2335 176 2401 est,⁶
185 2343 293 2386 centurn
306 2335 386 2402 legati
399 2334 506 2386 adeunt.
535 2336 634 2387 Omnes
646 2352 721 2386 curru
735 2334 906 2403 vehebantur,
920 2335 1018 2387 eximia

114 2402 295 2470 magnitudine
313 2421 457 2473 corporum,
471 2404 566 2455 decoro
584 2403 690 2471 habitu,
709 2403 793 2455 lineae
812 2411 901 2454 vestes
919 2403 1018 2454 intexto

114 2487 178 2523 auro
190 2489 356 2543 purpuraque
369 2471 527 2525 distinctae.⁸
556 2472 588 2525 Ei
599 2489 628 2524 se
641 2473 739 2524 dedere
752 2473 829 2541 ipsos,
844 2472 922 2523 nrbes
933 2488 1018 2539 agros-

113 2556 175 2610 que,
189 2539 345 2608 referebant,
360 2559 406 2610 per
425 2550 462 2593 tot
480 2550 583 2593 aetates
602 2541 756 2594 inviolatam
777 2540 927 2593 libertatem
949 2540 1019 2593 illius

114 2610 228 2679 primurn
248 2610 311 2663 fidei
330 2609 480 2680 dicionique
504 2610 692 2679 permissuros:
717 2610 782 2662 deos
806 2609 856 2662 sibi
880 2608 1020 2662 deditionis

115 2707 852 2721 ..-....-—-.-............-.....‚...-................
869 2710 872 2712 ,
895 2710 898 2713 .

143 2765 149 2787 ¹
161 2759 249 2807 ‘Some
260 2760 288 2807 of
300 2760 362 2808 their
372 2770 530 2820 countrymen
543 2760 604 2815 (that
616 2761 644 2818 is,
659 2759 780 2813 Greeks).'

140 2822 151 2847 ²
161 2819 185 2865 Α
197 2819 276 2886 native
287 2818 315 2867 oi
326 2820 367 2867 the
379 2820 500 2868 Arcadian
512 2830 578 2868 town
588 2819 616 2868 oi
627 2823 735 2881 Μακαρία.

142 2880 151 2905 ⁸
163 2877 239 2925 ‘Lrlre
251 2878 382 2935 mndmen‚'
397 2885 403 2905 ⁴
428 2879 540 2927 ossessed
552 2878 668 2939 persons!
701 2877 748 2926 See
759 2888 816 2926 note
827 2878 858 2926 iv.
870 2881 906 2926 46.

141 2940 169 3005 Ἰ·
177 2936 249 2995 They
256 2953 319 2985 were
328 2937 403 2985 osroid
412 2895 457 2986 ieet
466 2938 525 2998 they
532 2938 619 2986 should
626 2940 655 2985 be
664 2937 796 3006 prevented
804 2936 864 2986 from
873 2938 1020 3008 completing

113 2993 176 3062 theu
186 2996 255 3042 work
266 2997 298 3055 by
309 2997 349 3044 the
361 3007 445 3056 outcry
454 2997 482 3044 oi
489 2997 530 3045 the
542 2997 693 3044 tumultuous
704 2995 806 3044 soldiers
814 2997 830 3055 ς’
844 2997 897 3044 that
908 3012 937 3052 rs,
953 2996 1019 3044 ‘that

113 3063 132 3101 rt
142 3054 223 3102 would
235 3055 295 3102 hare
306 3055 366 3103 such
378 3071 408 3102 an
419 3056 537 3104 influence
548 3071 613 3115 upon
623 3055 700 3110 them,
712 3070 739 3103 as
755 3064 781 3103 to
796 3055 859 3115 lreep
875 3056 941 3103 them
957 3054 1020 3103 back

112 3113 174 3163 from
185 3113 298 3174 finishing
309 3114 350 3161 the
360 3116 504 3163 execution!

142 3179 150 3203 ¹
162 3172 276 3232 Namely,
290 3173 330 3220 the
344 3173 485 3232 Oxydraose
497 3174 543 3222 and
556 3172 633 3221 Malli.

140 3231 254 3280 “Their
270 3232 363 3280 clothes
374 3248 438 3280 were
454 3233 482 3280 os
495 3233 568 3288 lineo,
581 3233 622 3280 the
638 3237 763 3280 numeneus
778 3231 807 3280 of
821 3231 901 3279 which
917 3245 1019 3279 wasse-

112 3288 191 3339 lieved
207 3292 239 3350 by
255 3291 366 3339 inwoverr
382 3291 438 3352 gold
453 3291 499 3340 and
515 3291 615 3351 purple!
649 3291 712 3340 Here
727 3306 764 3339 we
780 3291 868 3350 supply
879 3297 958 3338 ercet:
977 3288 1019 3337 the

112 3348 228 3397 omission
238 3350 266 3398 of
278 3366 291 3397 a
302 3362 354 3409 past
368 3362 435 3398 tense
446 3350 474 3399 oi
486 3368 535 3399 esse
550 3351 571 3399 is
587 3360 627 3398 not
639 3350 721 3411 nearly
732 3365 760 3399 so
771 3347 989 3397 commoneam
995 3347 1025 3390 ot

112 3415 156 3463 ut.
167 3417 233 3513 εἴη,
246 3409 356 3522 ⁸11qu
358 3426 369 3467 ,·
382 3409 432 3459 still
443 3410 462 3459 it
472 3410 617 3461 sometimes
626 3409 756 3463 occursio
763 3404 946 3477 bsset‘mt‘m-
961 3400 1046 3443 vm·

107 3479 167 3524 pere
199 3478 275 3527 umpt,
358 3506 364 3519 .
