<?xml version="1.0" encoding="UTF-8"?>
<!DOCTYPE html PUBLIC "-//W3C//DTD XHTML 1.0 Transitional//EN"
    "http://www.w3.org/TR/xhtml1/DTD/xhtml1-transitional.dtd">
<html xmlns="http://www.w3.org/1999/xhtml" xml:lang="en" lang="en">
 <head>
  <title>
</title>
<meta http-equiv="Content-Type" content="text/html;charset=utf-8" />
  <meta name='ocr-system' content='tesseract 3.04.00' />
  <meta name='ocr-capabilities' content='ocr_page ocr_carea ocr_par ocr_line ocrx_word'/>
</head>
<body>
  <div class='ocr_page' id='page_1' title='image "./degestisalexand00rufugoog_0129.png"; bbox 0 0 2274 3772; ppageno 0'>
   <div class='ocr_carea' id='block_1_1' title="bbox 120 54 753 111">
    <p class='ocr_par' dir='ltr' id='par_1_1' title="bbox 120 54 753 111">
     <span class='ocr_line' id='line_1_1' title="bbox 120 54 753 111; baseline 0 -3"><span class='ocrx_word' id='word_1_1' title='bbox 120 54 177 111; x_wconf 76' lang='grc'>116</span> <span class='ocrx_word' id='word_1_2' title='bbox 382 67 421 106; x_wconf 84' lang='lat' dir='ltr'>ua</span> <span class='ocrx_word' id='word_1_3' title='bbox 444 67 549 107; x_wconf 81' lang='lat' dir='ltr'>oasrrs</span> <span class='ocrx_word' id='word_1_4' title='bbox 571 68 753 109; x_wconf 76' lang='lat' dir='ltr'>susxsrrunr.</span> 
     </span>
    </p>
   </div>
   <div class='ocr_carea' id='block_1_2' title="bbox 117 175 1025 247">
    <p class='ocr_par' dir='ltr' id='par_1_2' title="bbox 117 175 1025 247">
     <span class='ocr_line' id='line_1_2' title="bbox 117 175 1025 247; baseline 0.004 -18"><span class='ocrx_word' id='word_1_5' title='bbox 117 175 258 247; x_wconf 79' lang='lat' dir='ltr'>pellebant,</span> <span class='ocrx_word' id='word_1_6' title='bbox 277 175 358 228; x_wconf 87' lang='lat' dir='ltr'>ardua</span> <span class='ocrx_word' id='word_1_7' title='bbox 380 175 481 244; x_wconf 90' lang='lat' dir='ltr'>semita,</span> <span class='ocrx_word' id='word_1_8' title='bbox 500 176 546 229; x_wconf 88' lang='lat' dir='ltr'>sed</span> <span class='ocrx_word' id='word_1_9' title='bbox 567 176 670 244; x_wconf 91' lang='lat' dir='ltr'>longius</span> <span class='ocrx_word' id='word_1_10' title='bbox 689 193 705 228; x_wconf 88' lang='lat' dir='ltr'>a</span> <span class='ocrx_word' id='word_1_11' title='bbox 724 175 879 230; x_wconf 73' lang='lat' dir='ltr'>umbonibus</span> <span class='ocrx_word' id='word_1_12' title='bbox 902 176 1025 239; x_wconf 84' lang='lat' dir='ltr'>hostium</span> 
     </span>
    </p>
   </div>
   <div class='ocr_carea' id='block_1_3' title="bbox 110 244 1041 2728">
    <p class='ocr_par' dir='ltr' id='par_1_3' title="bbox 116 244 1041 1402">
     <span class='ocr_line' id='line_1_3' title="bbox 119 244 1023 317; baseline 0.002 -19"><span class='ocrx_word' id='word_1_13' title='bbox 119 255 225 313; x_wconf 91' lang='lat' dir='ltr'>remota,</span> <span class='ocrx_word' id='word_1_14' title='bbox 239 244 323 297; x_wconf 89' lang='lat' dir='ltr'>multa</span> <span class='ocrx_word' id='word_1_15' title='bbox 340 260 401 296; x_wconf 90' lang='lat' dir='ltr'>cum</span> <span class='ocrx_word' id='word_1_16' title='bbox 421 246 558 297; x_wconf 82' lang='lat' dir='ltr'>vexatione</span> <span class='ocrx_word' id='word_1_17' title='bbox 578 246 714 314; x_wconf 90' lang='lat' dir='ltr'>processit.</span> <span class='ocrx_word' id='word_1_18' title='bbox 750 245 859 299; x_wconf 91' lang='lat' dir='ltr'>Medius</span> <span class='ocrx_word' id='word_1_19' title='bbox 877 257 935 299; x_wconf 88' lang='lat' dir='ltr'>erat</span> <span class='ocrx_word' id='word_1_20' title='bbox 952 247 1023 317; x_wconf 87' lang='lat' dir='ltr'>diss,</span> 
     </span>
     <span class='ocr_line' id='line_1_4' title="bbox 117 313 1024 384; baseline 0.004 -18"><span class='ocrx_word' id='word_1_21' title='bbox 117 324 144 367; x_wconf 89' lang='lat' dir='ltr'>et</span> <span class='ocrx_word' id='word_1_22' title='bbox 163 315 280 382; x_wconf 86' lang='lat' dir='ltr'>fatigatis</span> <span class='ocrx_word' id='word_1_23' title='bbox 299 314 448 366; x_wconf 87' lang='lat' dir='ltr'>necessaria</span> <span class='ocrx_word' id='word_1_24' title='bbox 459 313 548 383; x_wconf 90' lang='lat' dir='ltr'>quies:</span> <span class='ocrx_word' id='word_1_25' title='bbox 568 315 665 384; x_wconf 87' lang='lat' dir='ltr'>quippe</span> <span class='ocrx_word' id='word_1_26' title='bbox 683 315 839 369; x_wconf 78' lang='lat' dir='ltr'><strong>tantundem</strong></span> <span class='ocrx_word' id='word_1_27' title='bbox 856 315 960 370; x_wconf 88' lang='lat' dir='ltr'>itineris</span> <span class='ocrx_word' id='word_1_28' title='bbox 979 334 1024 370; x_wconf 89' lang='lat' dir='ltr'>su·</span> 
     </span>
     <span class='ocr_line' id='line_1_5' title="bbox 117 383 1023 464; baseline 0.007 -30"><span class='ocrx_word' id='word_1_29' title='bbox 117 393 227 452; x_wconf 81' lang='lat' dir='ltr'>peterat,</span> <span class='ocrx_word' id='word_1_30' title='bbox 241 391 368 451; x_wconf 91' lang='lat' dir='ltr'>quantum</span> <span class='ocrx_word' id='word_1_31' title='bbox 386 384 487 435; x_wconf 83' lang='lat' dir='ltr'>emensi</span> <span class='ocrx_word' id='word_1_32' title='bbox 505 393 586 452; x_wconf 89' lang='lat' dir='ltr'>erant,</span> <span class='ocrx_word' id='word_1_33' title='bbox 600 383 646 435; x_wconf 88' lang='lat' dir='ltr'>sed</span> <span class='ocrx_word' id='word_1_34' title='bbox 665 383 754 437; x_wconf 89' lang='lat' dir='ltr'>minus</span> <span class='ocrx_word' id='word_1_35' title='bbox 771 385 922 464; x_wconf 88' lang='lat' dir='ltr'>praecipitis</span> <span class='ocrx_word' id='word_1_36' title='bbox 939 395 1023 456; x_wconf 91' lang='lat' dir='ltr'>atque</span> 
     </span>
     <span class='ocr_line' id='line_1_6' title="bbox 118 451 1024 522; baseline 0.004 -18"><span class='ocrx_word' id='word_1_37' title='bbox 118 452 200 504; x_wconf 91' lang='lat' dir='ltr'>ardui.</span> <span class='ocrx_word' id='word_1_38' title='bbox 244 453 336 520; x_wconf 88' lang='lat' dir='ltr'>ltaque</span> <span class='ocrx_word' id='word_1_39' title='bbox 364 451 470 504; x_wconf 80' lang='lat' dir='ltr'>relectis</span> <span class='ocrx_word' id='word_1_40' title='bbox 491 451 550 504; x_wconf 92' lang='lat' dir='ltr'>cibo</span> <span class='ocrx_word' id='word_1_41' title='bbox 574 469 718 521; x_wconf 83' lang='lat' dir='ltr'>somnoque</span> <span class='ocrx_word' id='word_1_42' title='bbox 740 453 876 522; x_wconf 81' lang='lat' dir='ltr'>militibus,</span> <span class='ocrx_word' id='word_1_43' title='bbox 902 454 1024 508; x_wconf 87' lang='lat' dir='ltr'>secunda</span> 
     </span>
     <span class='ocr_line' id='line_1_7' title="bbox 117 520 1022 591; baseline 0.003 -18"><span class='ocrx_word' id='word_1_44' title='bbox 117 520 209 589; x_wconf 85' lang='lat' dir='ltr'>vigilia</span> <span class='ocrx_word' id='word_1_45' title='bbox 221 521 310 589; x_wconf 83' lang='lat' dir='ltr'>surgit.</span> <span class='ocrx_word' id='word_1_46' title='bbox 347 521 381 572; x_wconf 92' lang='lat' dir='ltr'>Et</span> <span class='ocrx_word' id='word_1_47' title='bbox 393 532 481 573; x_wconf 90' lang='lat' dir='ltr'>cetera</span> <span class='ocrx_word' id='word_1_48' title='bbox 493 521 601 589; x_wconf 91' lang='lat' dir='ltr'>quidem</span> <span class='ocrx_word' id='word_1_49' title='bbox 613 521 683 574; x_wconf 88' lang='lat' dir='ltr'>haud</span> <span class='ocrx_word' id='word_1_50' title='bbox 695 538 774 590; x_wconf 80' lang='lat' dir='ltr'><strong>aegre</strong></span> <span class='ocrx_word' id='word_1_51' title='bbox 792 522 931 591; x_wconf 86' lang='lat' dir='ltr'>praeterit;</span> <span class='ocrx_word' id='word_1_52' title='bbox 948 537 1022 576; x_wconf 87' lang='lat' dir='ltr'>cete·</span> 
     </span>
     <span class='ocr_line' id='line_1_8' title="bbox 118 589 1021 660; baseline 0.004 -18"><span class='ocrx_word' id='word_1_53' title='bbox 118 606 249 658; x_wconf 73' lang='lat' dir='ltr'>rumque</span> <span class='ocrx_word' id='word_1_54' title='bbox 267 607 296 642; x_wconf 87' lang='lat' dir='ltr'>se</span> <span class='ocrx_word' id='word_1_55' title='bbox 314 591 443 642; x_wconf 89' lang='lat' dir='ltr'>muntium</span> <span class='ocrx_word' id='word_1_56' title='bbox 460 589 553 659; x_wconf 86' lang='lat' dir='ltr'>jugum</span> <span class='ocrx_word' id='word_1_57' title='bbox 571 590 698 660; x_wconf 89' lang='lat' dir='ltr'>paulatim</span> <span class='ocrx_word' id='word_1_58' title='bbox 715 591 748 643; x_wconf 88' lang='lat' dir='ltr'>ad</span> <span class='ocrx_word' id='word_1_59' title='bbox 767 591 881 660; x_wconf 82' lang='lat' dir='ltr'>planiora</span> <span class='ocrx_word' id='word_1_60' title='bbox 893 591 1021 660; x_wconf 88' lang='lat' dir='ltr'>demittit,</span> 
     </span>
     <span class='ocr_line' id='line_1_9' title="bbox 119 659 1022 729; baseline 0.006 -19"><span class='ocrx_word' id='word_1_61' title='bbox 119 659 211 726; x_wconf 90' lang='lat' dir='ltr'>ingens</span> <span class='ocrx_word' id='word_1_62' title='bbox 223 660 326 726; x_wconf 84' lang='lat' dir='ltr'>vorago¹</span> <span class='ocrx_word' id='word_1_63' title='bbox 339 675 466 711; x_wconf 81' lang='lat' dir='ltr'>concursu</span> <span class='ocrx_word' id='word_1_64' title='bbox 485 667 578 712; x_wconf 89' lang='lat' dir='ltr'>cavata</span> <span class='ocrx_word' id='word_1_65' title='bbox 595 660 747 712; x_wconf 88' lang='lat' dir='ltr'>torrentium</span> <span class='ocrx_word' id='word_1_66' title='bbox 765 661 815 712; x_wconf 91' lang='lat' dir='ltr'>iter</span> <span class='ocrx_word' id='word_1_67' title='bbox 828 669 940 729; x_wconf 82' lang='lat' dir='ltr'>ruperat.</span> <span class='ocrx_word' id='word_1_68' title='bbox 977 662 1022 715; x_wconf 85' lang='lat' dir='ltr'>Ad</span> 
     </span>
     <span class='ocr_line' id='line_1_10' title="bbox 118 727 1022 800; baseline 0.003 -20"><span class='ocrx_word' id='word_1_69' title='bbox 118 727 168 780; x_wconf 90' lang='lat' dir='ltr'>hoc</span> <span class='ocrx_word' id='word_1_70' title='bbox 186 729 307 780; x_wconf 88' lang='lat' dir='ltr'>arborum</span> <span class='ocrx_word' id='word_1_71' title='bbox 326 729 389 780; x_wconf 90' lang='lat' dir='ltr'>rami</span> <span class='ocrx_word' id='word_1_72' title='bbox 407 727 476 780; x_wconf 93' lang='lat' dir='ltr'>alius</span> <span class='ocrx_word' id='word_1_73' title='bbox 493 727 544 780; x_wconf 90' lang='lat' dir='ltr'>alio</span> <span class='ocrx_word' id='word_1_74' title='bbox 557 729 686 798; x_wconf 90' lang='lat' dir='ltr'>implicati</span> <span class='ocrx_word' id='word_1_75' title='bbox 698 738 725 781; x_wconf 94' lang='lat' dir='ltr'>et</span> <span class='ocrx_word' id='word_1_76' title='bbox 736 727 909 793; x_wconf 81' lang='lat' dir='ltr'>cohaerentes</span> <span class='ocrx_word' id='word_1_77' title='bbox 921 739 950 784; x_wconf 89' lang='lat' dir='ltr'>ut</span> <span class='ocrx_word' id='word_1_78' title='bbox 962 748 1022 800; x_wconf 90' lang='lat' dir='ltr'>per-</span> 
     </span>
     <span class='ocr_line' id='line_1_11' title="bbox 118 795 1021 869; baseline 0.004 -21"><span class='ocrx_word' id='word_1_79' title='bbox 118 798 236 865; x_wconf 78' lang='lat' dir='ltr'>petuam²</span> <span class='ocrx_word' id='word_1_80' title='bbox 254 795 404 866; x_wconf 87' lang='lat' dir='ltr'>objecerant</span> <span class='ocrx_word' id='word_1_81' title='bbox 425 814 526 866; x_wconf 84' lang='lat' dir='ltr'>sepem.</span> <span class='ocrx_word' id='word_1_82' title='bbox 562 798 715 867; x_wconf 85' lang='lat' dir='ltr'>Desperatio</span> <span class='ocrx_word' id='word_1_83' title='bbox 736 798 815 866; x_wconf 91' lang='lat' dir='ltr'>igitur</span> <span class='ocrx_word' id='word_1_84' title='bbox 832 800 932 869; x_wconf 87' lang='lat' dir='ltr'>ingens,</span> <span class='ocrx_word' id='word_1_85' title='bbox 952 799 1021 853; x_wconf 88' lang='lat' dir='ltr'>adeo</span> 
     </span>
     <span class='ocr_line' id='line_1_12' title="bbox 119 866 1022 937; baseline 0.004 -20"><span class='ocrx_word' id='word_1_86' title='bbox 119 867 203 918; x_wconf 85' lang='lat' dir='ltr'>utrix</span> <span class='ocrx_word' id='word_1_87' title='bbox 220 866 334 918; x_wconf 79' lang='lat' dir='ltr'><strong>lacrimis</strong></span> <span class='ocrx_word' id='word_1_88' title='bbox 345 866 514 936; x_wconf 71' lang='lat' dir='ltr'>abstinerent,</span> <span class='ocrx_word' id='word_1_89' title='bbox 529 867 678 919; x_wconf 81' lang='lat' dir='ltr'>incesserat.</span> <span class='ocrx_word' id='word_1_90' title='bbox 715 866 860 937; x_wconf 84' lang='lat' dir='ltr'>Praecipue</span> <span class='ocrx_word' id='word_1_91' title='bbox 873 868 1022 922; x_wconf 85' lang='lat' dir='ltr'>obscuritas</span> 
     </span>
     <span class='ocr_line' id='line_1_13' title="bbox 118 936 1023 1004; baseline 0.006 -18"><span class='ocrx_word' id='word_1_92' title='bbox 118 937 208 986; x_wconf 89' lang='lat' dir='ltr'>terrori</span> <span class='ocrx_word' id='word_1_93' title='bbox 219 944 289 988; x_wconf 92' lang='lat' dir='ltr'>erat:</span> <span class='ocrx_word' id='word_1_94' title='bbox 308 952 370 988; x_wconf 86' lang='lat' dir='ltr'>nam</span> <span class='ocrx_word' id='word_1_95' title='bbox 382 936 486 988; x_wconf 87' lang='lat' dir='ltr'>etiamsi</span> <span class='ocrx_word' id='word_1_96' title='bbox 498 952 551 1004; x_wconf 89' lang='lat' dir='ltr'>qua</span> <span class='ocrx_word' id='word_1_97' title='bbox 568 936 655 988; x_wconf 91' lang='lat' dir='ltr'>sidera</span> <span class='ocrx_word' id='word_1_98' title='bbox 671 936 855 989; x_wconf 89' lang='lat' dir='ltr'>internitebant</span> <span class='ocrx_word' id='word_1_99' title='bbox 877 938 1023 991; x_wconf 88' lang='lat' dir='ltr'>continenti</span> 
     </span>
     <span class='ocr_line' id='line_1_14' title="bbox 118 1002 1021 1074; baseline 0.004 -19"><span class='ocrx_word' id='word_1_100' title='bbox 118 1002 209 1056; x_wconf 80' lang='lat' dir='ltr'>froude</span> <span class='ocrx_word' id='word_1_101' title='bbox 230 1013 316 1056; x_wconf 90' lang='lat' dir='ltr'>tectae</span> <span class='ocrx_word' id='word_1_102' title='bbox 337 1004 442 1057; x_wconf 90' lang='lat' dir='ltr'>arbores</span> <span class='ocrx_word' id='word_1_103' title='bbox 461 1009 613 1074; x_wconf 87' lang='lat' dir='ltr'>conspicere</span> <span class='ocrx_word' id='word_1_104' title='bbox 636 1004 818 1074; x_wconf 87' lang='lat' dir='ltr'>prohibebant.</span> <span class='ocrx_word' id='word_1_105' title='bbox 880 1023 895 1058; x_wconf 93' lang='lat' dir='ltr'>e</span> <span class='ocrx_word' id='word_1_106' title='bbox 915 1007 1021 1060; x_wconf 88' lang='lat' dir='ltr'>aurium</span> 
     </span>
     <span class='ocr_line' id='line_1_15' title="bbox 117 1073 1041 1142; baseline 0.004 -18"><span class='ocrx_word' id='word_1_107' title='bbox 117 1073 227 1142; x_wconf 91' lang='lat' dir='ltr'>quidem</span> <span class='ocrx_word' id='word_1_108' title='bbox 238 1090 301 1126; x_wconf 89' lang='lat' dir='ltr'>usus</span> <span class='ocrx_word' id='word_1_109' title='bbox 319 1083 460 1142; x_wconf 77' lang='lat' dir='ltr'>supererat,</span> <span class='ocrx_word' id='word_1_110' title='bbox 474 1073 554 1125; x_wconf 88' lang='lat' dir='ltr'>silvas</span> <span class='ocrx_word' id='word_1_111' title='bbox 565 1074 698 1142; x_wconf 85' lang='lat' dir='ltr'>quatiente</span> <span class='ocrx_word' id='word_1_112' title='bbox 710 1082 795 1142; x_wconf 87' lang='lat' dir='ltr'>vento,</span> <span class='ocrx_word' id='word_1_113' title='bbox 827 1075 854 1127; x_wconf 91' lang='lat' dir='ltr'>ui</span> <span class='ocrx_word' id='word_1_114' title='bbox 866 1091 1022 1128; x_wconf 90' lang='lat' dir='ltr'>concurren·</span> <span class='ocrx_word' id='word_1_115' title='bbox 1038 1083 1041 1089; x_wconf 83' lang='grc'>’</span> 
     </span>
     <span class='ocr_line' id='line_1_16' title="bbox 117 1091 1021 1212; baseline 0.002 -17"><span class='ocrx_word' id='word_1_116' title='bbox 117 1141 198 1196; x_wconf 79' lang='lat' dir='ltr'>tibus⁸</span> <span class='ocrx_word' id='word_1_117' title='bbox 210 1145 289 1196; x_wconf 90' lang='lat' dir='ltr'>ramis</span> <span class='ocrx_word' id='word_1_118' title='bbox 300 1143 427 1212; x_wconf 84' lang='lat' dir='ltr'>majorem</span> <span class='ocrx_word' id='word_1_119' title='bbox 440 1160 520 1212; x_wconf 92' lang='lat' dir='ltr'>quam</span> <span class='ocrx_word' id='word_1_120' title='bbox 533 1160 577 1211; x_wconf 91' lang='lat' dir='ltr'>pro</span> <span class='ocrx_word' id='word_1_121' title='bbox 589 1143 653 1195; x_wconf 89' lang='lat' dir='ltr'>flatu</span> <span class='ocrx_word' id='word_1_122' title='bbox 662 1159 754 1195; x_wconf 90' lang='lat' dir='ltr'>sonum</span> <span class='ocrx_word' id='word_1_123' title='bbox 765 1091 870 1196; x_wconf 73' lang='lat' dir='ltr'>edebat.</span> <span class='ocrx_word' id='word_1_124' title='bbox 897 1141 1021 1198; x_wconf 85' lang='lat' dir='ltr'>Tandem</span> 
     </span>
     <span class='ocr_line' id='line_1_17' title="bbox 117 1211 1019 1282; baseline 0.003 -18"><span class='ocrx_word' id='word_1_125' title='bbox 117 1222 257 1280; x_wconf 84' lang='lat' dir='ltr'>expectata</span> <span class='ocrx_word' id='word_1_126' title='bbox 276 1212 321 1264; x_wconf 90' lang='lat' dir='ltr'>lux</span> <span class='ocrx_word' id='word_1_127' title='bbox 341 1212 436 1278; x_wconf 89' lang='lat' dir='ltr'>omnia,</span> <span class='ocrx_word' id='word_1_128' title='bbox 454 1228 523 1279; x_wconf 88' lang='lat' dir='ltr'>quae</span> <span class='ocrx_word' id='word_1_129' title='bbox 541 1211 695 1265; x_wconf 86' lang='lat' dir='ltr'>terribiliora</span> <span class='ocrx_word' id='word_1_130' title='bbox 713 1228 765 1265; x_wconf 83' lang='lat' dir='ltr'>nox</span> <span class='ocrx_word' id='word_1_131' title='bbox 782 1211 888 1282; x_wconf 83' lang='lat' dir='ltr'>fecerat,</span> <span class='ocrx_word' id='word_1_132' title='bbox 907 1213 1019 1267; x_wconf 91' lang='lat' dir='ltr'>minuit:</span> 
     </span>
     <span class='ocr_line' id='line_1_18' title="bbox 116 1279 1021 1353; baseline 0.006 -21"><span class='ocrx_word' id='word_1_133' title='bbox 116 1281 249 1333; x_wconf 89' lang='lat' dir='ltr'>circumiri</span> <span class='ocrx_word' id='word_1_134' title='bbox 268 1279 343 1333; x_wconf 89' lang='lat' dir='ltr'>brevi</span> <span class='ocrx_word' id='word_1_135' title='bbox 363 1297 376 1332; x_wconf 87' lang='lat' dir='ltr'>s</span> <span class='ocrx_word' id='word_1_136' title='bbox 394 1280 445 1332; x_wconf 90' lang='lat' dir='ltr'>atio</span> <span class='ocrx_word' id='word_1_137' title='bbox 466 1289 567 1349; x_wconf 89' lang='lat' dir='ltr'>poterat</span> <span class='ocrx_word' id='word_1_138' title='bbox 586 1280 707 1351; x_wconf 84' lang='lat' dir='ltr'>eluvies,⁴</span> <span class='ocrx_word' id='word_1_139' title='bbox 723 1291 750 1333; x_wconf 88' lang='lat' dir='ltr'>et</span> <span class='ocrx_word' id='word_1_140' title='bbox 767 1280 818 1334; x_wconf 86' lang='lat' dir='ltr'>sibi</span> <span class='ocrx_word' id='word_1_141' title='bbox 835 1281 1021 1353; x_wconf 85' lang='lat' dir='ltr'>quisquedux</span> 
     </span>
     <span class='ocr_line' id='line_1_19' title="bbox 116 1349 429 1402; baseline -0.003 -1"><span class='ocrx_word' id='word_1_142' title='bbox 116 1349 217 1402; x_wconf 89' lang='lat' dir='ltr'>itineris</span> <span class='ocrx_word' id='word_1_143' title='bbox 229 1366 276 1401; x_wconf 93' lang='lat' dir='ltr'>coe</span> <span class='ocrx_word' id='word_1_144' title='bbox 313 1357 351 1400; x_wconf 89' lang='lat' dir='ltr'>rat</span> <span class='ocrx_word' id='word_1_145' title='bbox 382 1351 429 1400; x_wconf 91' lang='lat' dir='ltr'>eri.</span> 
     </span>
    </p>

    <p class='ocr_par' dir='ltr' id='par_1_4' title="bbox 110 1417 1021 2728">
     <span class='ocr_line' id='line_1_20' title="bbox 153 1417 1021 1488; baseline 0.005 -18"><span class='ocrx_word' id='word_1_146' title='bbox 153 1423 191 1470; x_wconf 85' lang='grc'>16.</span> <span class='ocrx_word' id='word_1_147' title='bbox 211 1419 268 1471; x_wconf 86' lang='lat' dir='ltr'>Eva</span> <span class='ocrx_word' id='word_1_148' title='bbox 288 1420 344 1470; x_wconf 84' lang='lat' dir='ltr'>unt⁶</span> <span class='ocrx_word' id='word_1_149' title='bbox 362 1434 423 1484; x_wconf 91' lang='lat' dir='ltr'>ergo</span> <span class='ocrx_word' id='word_1_150' title='bbox 443 1417 470 1469; x_wconf 91' lang='lat' dir='ltr'>in</span> <span class='ocrx_word' id='word_1_151' title='bbox 490 1417 592 1474; x_wconf 89' lang='lat' dir='ltr'>editum</span> <span class='ocrx_word' id='word_1_152' title='bbox 610 1420 753 1472; x_wconf 88' lang='lat' dir='ltr'>verticem:</span> <span class='ocrx_word' id='word_1_153' title='bbox 781 1436 815 1472; x_wconf 81' lang='lat' dir='ltr'>ex</span> <span class='ocrx_word' id='word_1_154' title='bbox 832 1434 883 1488; x_wconf 89' lang='lat' dir='ltr'>quo</span> <span class='ocrx_word' id='word_1_155' title='bbox 902 1419 1021 1474; x_wconf 89' lang='lat' dir='ltr'>hostium</span> 
     </span>
     <span class='ocr_line' id='line_1_21' title="bbox 116 1487 1020 1557; baseline 0.004 -19"><span class='ocrx_word' id='word_1_156' title='bbox 116 1487 227 1554; x_wconf 85' lang='lat' dir='ltr'>statione</span> <span class='ocrx_word' id='word_1_157' title='bbox 245 1496 393 1555; x_wconf 88' lang='lat' dir='ltr'>conspecta,</span> <span class='ocrx_word' id='word_1_158' title='bbox 408 1496 513 1539; x_wconf 90' lang='lat' dir='ltr'>strenue</span> <span class='ocrx_word' id='word_1_159' title='bbox 525 1487 626 1557; x_wconf 90' lang='lat' dir='ltr'>armati,</span> <span class='ocrx_word' id='word_1_160' title='bbox 640 1506 657 1540; x_wconf 91' lang='lat' dir='ltr'>a</span> <span class='ocrx_word' id='word_1_161' title='bbox 669 1497 740 1556; x_wconf 89' lang='lat' dir='ltr'>tergo</span> <span class='ocrx_word' id='word_1_162' title='bbox 753 1504 781 1541; x_wconf 90' lang='lat' dir='ltr'>se</span> <span class='ocrx_word' id='word_1_163' title='bbox 793 1487 935 1541; x_wconf 89' lang='lat' dir='ltr'>ostendunt</span> <span class='ocrx_word' id='word_1_164' title='bbox 952 1490 1020 1543; x_wconf 87' lang='lat' dir='ltr'>nibil</span> 
     </span>
     <span class='ocr_line' id='line_1_22' title="bbox 116 1555 1019 1628; baseline 0.004 -21"><span class='ocrx_word' id='word_1_165' title='bbox 116 1555 169 1607; x_wconf 88' lang='lat' dir='ltr'>tale</span> <span class='ocrx_word' id='word_1_166' title='bbox 189 1555 382 1608; x_wconf 86' lang='lat' dir='ltr'>metuentibus:</span> <span class='ocrx_word' id='word_1_167' title='bbox 404 1571 515 1624; x_wconf 91' lang='lat' dir='ltr'>quorum</span> <span class='ocrx_word' id='word_1_168' title='bbox 539 1556 622 1625; x_wconf 89' lang='lat' dir='ltr'>pauci,</span> <span class='ocrx_word' id='word_1_169' title='bbox 642 1557 687 1625; x_wconf 94' lang='lat' dir='ltr'>qui</span> <span class='ocrx_word' id='word_1_170' title='bbox 711 1557 835 1625; x_wconf 85' lang='lat' dir='ltr'>congredi</span> <span class='ocrx_word' id='word_1_171' title='bbox 857 1557 913 1610; x_wconf 91' lang='lat' dir='ltr'>ausi</span> <span class='ocrx_word' id='word_1_172' title='bbox 935 1567 1019 1628; x_wconf 84' lang='lat' dir='ltr'>erant,</span> 
     </span>
     <span class='ocr_line' id='line_1_23' title="bbox 115 1625 1021 1694; baseline 0.003 -17"><span class='ocrx_word' id='word_1_173' title='bbox 115 1625 187 1677; x_wconf 87' lang='lat' dir='ltr'>oaesi</span> <span class='ocrx_word' id='word_1_174' title='bbox 206 1634 274 1677; x_wconf 92' lang='lat' dir='ltr'>sunt.</span> <span class='ocrx_word' id='word_1_175' title='bbox 309 1625 401 1693; x_wconf 90' lang='lat' dir='ltr'>Itaque</span> <span class='ocrx_word' id='word_1_176' title='bbox 421 1625 483 1677; x_wconf 88' lang='lat' dir='ltr'>hinc</span> <span class='ocrx_word' id='word_1_177' title='bbox 500 1625 668 1678; x_wconf 87' lang='lat' dir='ltr'>morientium</span> <span class='ocrx_word' id='word_1_178' title='bbox 685 1625 808 1694; x_wconf 83' lang='lat' dir='ltr'>gemitus,</span> <span class='ocrx_word' id='word_1_179' title='bbox 825 1626 887 1678; x_wconf 90' lang='lat' dir='ltr'>binc</span> <span class='ocrx_word' id='word_1_180' title='bbox 903 1626 938 1679; x_wconf 90' lang='lat' dir='ltr'>ad</span> <span class='ocrx_word' id='word_1_181' title='bbox 957 1644 1021 1680; x_wconf 90' lang='lat' dir='ltr'>suos</span> 
     </span>
     <span class='ocr_line' id='line_1_24' title="bbox 115 1693 1020 1764; baseline 0.004 -18"><span class='ocrx_word' id='word_1_182' title='bbox 115 1695 304 1747; x_wconf 82' lang='lat' dir='ltr'>recurrentium</span> <span class='ocrx_word' id='word_1_183' title='bbox 323 1693 481 1747; x_wconf 89' lang='lat' dir='ltr'>miserabilis</span> <span class='ocrx_word' id='word_1_184' title='bbox 498 1693 588 1764; x_wconf 79' lang='lat' dir='ltr'>facies,</span> <span class='ocrx_word' id='word_1_185' title='bbox 608 1696 723 1762; x_wconf 91' lang='lat' dir='ltr'>integros</span> <span class='ocrx_word' id='word_1_186' title='bbox 740 1710 852 1764; x_wconf 88' lang='lat' dir='ltr'>quoque,</span> <span class='ocrx_word' id='word_1_187' title='bbox 872 1705 1020 1764; x_wconf 86' lang='lat' dir='ltr'>antequam</span> 
     </span>
     <span class='ocr_line' id='line_1_25' title="bbox 113 1763 1020 1833; baseline 0.003 -18"><span class='ocrx_word' id='word_1_188' title='bbox 113 1763 254 1816; x_wconf 90' lang='lat' dir='ltr'>discrimen</span> <span class='ocrx_word' id='word_1_189' title='bbox 275 1763 461 1833; x_wconf 83' lang='lat' dir='ltr'>experirentur,</span> <span class='ocrx_word' id='word_1_190' title='bbox 481 1764 506 1815; x_wconf 92' lang='lat' dir='ltr'>in</span> <span class='ocrx_word' id='word_1_191' title='bbox 526 1763 616 1832; x_wconf 85' lang='lat' dir='ltr'>fugam</span> <span class='ocrx_word' id='word_1_192' title='bbox 636 1765 737 1825; x_wconf 85' lang='lat' dir='ltr'>avertit.</span> <span class='ocrx_word' id='word_1_193' title='bbox 782 1763 900 1816; x_wconf 88' lang='lat' dir='ltr'>Fremitu</span> <span class='ocrx_word' id='word_1_194' title='bbox 920 1764 1020 1818; x_wconf 89' lang='lat' dir='ltr'>deinde</span> 
     </span>
     <span class='ocr_line' id='line_1_26' title="bbox 114 1832 1021 1902; baseline 0.003 -19"><span class='ocrx_word' id='word_1_195' title='bbox 114 1833 140 1884; x_wconf 91' lang='lat' dir='ltr'>iu</span> <span class='ocrx_word' id='word_1_196' title='bbox 160 1843 252 1900; x_wconf 87' lang='lat' dir='ltr'>castra,</span> <span class='ocrx_word' id='word_1_197' title='bbox 272 1833 333 1901; x_wconf 89' lang='lat' dir='ltr'>quis</span> <span class='ocrx_word' id='word_1_198' title='bbox 356 1832 477 1885; x_wconf 87' lang='lat' dir='ltr'>Craterus</span> <span class='ocrx_word' id='word_1_199' title='bbox 499 1833 684 1902; x_wconf 79' lang='lat' dir='ltr'>praesidebat,⁸</span> <span class='ocrx_word' id='word_1_200' title='bbox 706 1833 785 1901; x_wconf 89' lang='lat' dir='ltr'>illato,</span> <span class='ocrx_word' id='word_1_201' title='bbox 806 1832 839 1884; x_wconf 87' lang='lat' dir='ltr'>ad</span> <span class='ocrx_word' id='word_1_202' title='bbox 865 1834 1021 1902; x_wconf 90' lang='lat' dir='ltr'>ocupandas</span> 
     </span>
     <span class='ocr_line' id='line_1_27' title="bbox 112 1900 1019 1971; baseline 0.006 -20"><span class='ocrx_word' id='word_1_203' title='bbox 112 1901 256 1968; x_wconf 88' lang='lat' dir='ltr'>angustias,</span> <span class='ocrx_word' id='word_1_204' title='bbox 270 1901 295 1954; x_wconf 91' lang='lat' dir='ltr'>in</span> <span class='ocrx_word' id='word_1_205' title='bbox 309 1901 405 1970; x_wconf 89' lang='lat' dir='ltr'>quibus</span> <span class='ocrx_word' id='word_1_206' title='bbox 415 1901 500 1971; x_wconf 92' lang='lat' dir='ltr'>pridie</span> <span class='ocrx_word' id='word_1_207' title='bbox 518 1903 665 1970; x_wconf 86' lang='lat' dir='ltr'>haeserant,</span> <span class='ocrx_word' id='word_1_208' title='bbox 677 1901 756 1954; x_wconf 84' lang='lat' dir='ltr'>miles</span> <span class='ocrx_word' id='word_1_209' title='bbox 768 1900 897 1954; x_wconf 89' lang='lat' dir='ltr'>educitur.</span> <span class='ocrx_word' id='word_1_210' title='bbox 933 1903 1019 1956; x_wconf 86' lang='lat' dir='ltr'>Simul</span> 
     </span>
     <span class='ocr_line' id='line_1_28' title="bbox 113 1967 1019 2040; baseline 0.006 -20"><span class='ocrx_word' id='word_1_211' title='bbox 113 1977 140 2020; x_wconf 91' lang='lat' dir='ltr'>et</span> <span class='ocrx_word' id='word_1_212' title='bbox 152 1969 269 2021; x_wconf 89' lang='lat' dir='ltr'>Philotas</span> <span class='ocrx_word' id='word_1_213' title='bbox 280 1987 342 2022; x_wconf 90' lang='lat' dir='ltr'>cum</span> <span class='ocrx_word' id='word_1_214' title='bbox 360 1970 549 2038; x_wconf 90' lang='lat' dir='ltr'>Polyperconte</span> <span class='ocrx_word' id='word_1_215' title='bbox 562 1973 679 2040; x_wconf 89' lang='lat' dir='ltr'>Amynta</span> <span class='ocrx_word' id='word_1_216' title='bbox 697 1987 731 2023; x_wconf 92' lang='lat' dir='ltr'>ue</span> <span class='ocrx_word' id='word_1_217' title='bbox 743 1978 770 2022; x_wconf 93' lang='lat' dir='ltr'>et</span> <span class='ocrx_word' id='word_1_218' title='bbox 782 1967 868 2022; x_wconf 81' lang='lat' dir='ltr'>Coeno</span> <span class='ocrx_word' id='word_1_219' title='bbox 880 1972 1019 2025; x_wconf 89' lang='lat' dir='ltr'>diversum</span> 
     </span>
     <span class='ocr_line' id='line_1_29' title="bbox 113 1987 1019 2110; baseline 0.007 -22"><span class='ocrx_word' id='word_1_220' title='bbox 113 2037 163 2089; x_wconf 92' lang='lat' dir='ltr'>iter</span> <span class='ocrx_word' id='word_1_221' title='bbox 176 2037 275 2104; x_wconf 85' lang='lat' dir='ltr'>ingredi</span> <span class='ocrx_word' id='word_1_222' title='bbox 286 2038 382 2106; x_wconf 88' lang='lat' dir='ltr'>jussus,</span> <span class='ocrx_word' id='word_1_223' title='bbox 395 2039 476 2091; x_wconf 91' lang='lat' dir='ltr'>alium</span> <span class='ocrx_word' id='word_1_224' title='bbox 491 2048 613 2092; x_wconf 90' lang='lat' dir='ltr'>terrorem</span> <span class='ocrx_word' id='word_1_225' title='bbox 625 1987 713 2091; x_wconf 77' lang='lat' dir='ltr'>intulit</span> <span class='ocrx_word' id='word_1_226' title='bbox 731 2039 855 2092; x_wconf 88' lang='lat' dir='ltr'>barbaris.</span> <span class='ocrx_word' id='word_1_227' title='bbox 891 2040 1019 2110; x_wconf 90' lang='lat' dir='ltr'>Undique</span> 
     </span>
     <span class='ocr_line' id='line_1_30' title="bbox 113 2107 1018 2178; baseline 0.007 -21"><span class='ocrx_word' id='word_1_228' title='bbox 113 2123 174 2174; x_wconf 91' lang='lat' dir='ltr'>ergo</span> <span class='ocrx_word' id='word_1_229' title='bbox 192 2107 372 2159; x_wconf 90' lang='lat' dir='ltr'>Macedonum</span> <span class='ocrx_word' id='word_1_230' title='bbox 391 2107 471 2158; x_wconf 91' lang='lat' dir='ltr'>armis</span> <span class='ocrx_word' id='word_1_231' title='bbox 489 2107 658 2176; x_wconf 82' lang='lat' dir='ltr'>fulgentibus,</span> <span class='ocrx_word' id='word_1_232' title='bbox 677 2108 785 2177; x_wconf 91' lang='lat' dir='ltr'>ancipiti</span> <span class='ocrx_word' id='word_1_233' title='bbox 802 2107 872 2160; x_wconf 90' lang='lat' dir='ltr'>malo</span> <span class='ocrx_word' id='word_1_234' title='bbox 889 2111 1018 2178; x_wconf 83' lang='lat' dir='ltr'>oppressi,</span> 
     </span>
     <span class='ocr_line' id='line_1_31' title="bbox 112 2175 1020 2256; baseline 0.004 -28"><span class='ocrx_word' id='word_1_235' title='bbox 112 2175 284 2228; x_wconf 88' lang='lat' dir='ltr'>memorabile</span> <span class='ocrx_word' id='word_1_236' title='bbox 308 2184 398 2227; x_wconf 90' lang='lat' dir='ltr'>tamen</span> <span class='ocrx_word' id='word_1_237' title='bbox 422 2176 549 2244; x_wconf 90' lang='lat' dir='ltr'>proelium</span> <span class='ocrx_word' id='word_1_238' title='bbox 571 2175 661 2228; x_wconf 89' lang='lat' dir='ltr'>edunt.</span> <span class='ocrx_word' id='word_1_239' title='bbox 697 2175 732 2230; x_wconf 92' lang='lat' dir='ltr'>Ut</span> <span class='ocrx_word' id='word_1_240' title='bbox 752 2176 849 2256; x_wconf 90' lang='lat' dir='ltr'>opinor,</span> <span class='ocrx_word' id='word_1_241' title='bbox 871 2176 1020 2245; x_wconf 83' lang='lat' dir='ltr'>ignaviam⁷</span> 
     </span>
     <span class='ocr_line' id='line_1_32' title="bbox 111 2244 1018 2314; baseline 0.003 -17"><span class='ocrx_word' id='word_1_242' title='bbox 111 2260 216 2314; x_wconf 91' lang='lat' dir='ltr'>quoque</span> <span class='ocrx_word' id='word_1_243' title='bbox 234 2244 381 2297; x_wconf 87' lang='lat' dir='ltr'>necessitas</span> <span class='ocrx_word' id='word_1_244' title='bbox 398 2244 475 2314; x_wconf 88' lang='lat' dir='ltr'>acuit,</span> <span class='ocrx_word' id='word_1_245' title='bbox 489 2253 515 2297; x_wconf 91' lang='lat' dir='ltr'>et</span> <span class='ocrx_word' id='word_1_246' title='bbox 528 2261 608 2313; x_wconf 86' lang='lat' dir='ltr'>saepe</span> <span class='ocrx_word' id='word_1_247' title='bbox 627 2244 774 2314; x_wconf 91' lang='lat' dir='ltr'>desperatio</span> <span class='ocrx_word' id='word_1_248' title='bbox 793 2262 849 2314; x_wconf 86' lang='lat' dir='ltr'>sper</span> <span class='ocrx_word' id='word_1_249' title='bbox 866 2262 947 2298; x_wconf 88' lang='lat' dir='ltr'>causa</span> <span class='ocrx_word' id='word_1_250' title='bbox 965 2257 1018 2301; x_wconf 89' lang='lat' dir='ltr'>est.</span> 
     </span>
     <span class='ocr_line' id='line_1_33' title="bbox 111 2313 1019 2383; baseline 0.002 -16"><span class='ocrx_word' id='word_1_251' title='bbox 111 2314 182 2367; x_wconf 90' lang='lat' dir='ltr'>Nudi</span> <span class='ocrx_word' id='word_1_252' title='bbox 205 2313 448 2383; x_wconf 88' lang='lat' dir='ltr'>complectebantur</span> <span class='ocrx_word' id='word_1_253' title='bbox 467 2324 590 2382; x_wconf 88' lang='lat' dir='ltr'>armatos,</span> <span class='ocrx_word' id='word_1_254' title='bbox 611 2322 638 2366; x_wconf 91' lang='lat' dir='ltr'>et</span> <span class='ocrx_word' id='word_1_255' title='bbox 661 2314 760 2382; x_wconf 88' lang='lat' dir='ltr'>ingenti</span> <span class='ocrx_word' id='word_1_256' title='bbox 784 2330 919 2383; x_wconf 89' lang='lat' dir='ltr'>corpomm</span> <span class='ocrx_word' id='word_1_257' title='bbox 943 2314 1019 2370; x_wconf 89' lang='lat' dir='ltr'>mole</span> 
     </span>
     <span class='ocr_line' id='line_1_34' title="bbox 111 2382 1017 2452; baseline 0.003 -18"><span class='ocrx_word' id='word_1_258' title='bbox 111 2399 204 2436; x_wconf 89' lang='lat' dir='ltr'>secum</span> <span class='ocrx_word' id='word_1_259' title='bbox 221 2383 255 2436; x_wconf 92' lang='lat' dir='ltr'>ad</span> <span class='ocrx_word' id='word_1_260' title='bbox 274 2393 368 2435; x_wconf 91' lang='lat' dir='ltr'>terram</span> <span class='ocrx_word' id='word_1_261' title='bbox 386 2382 562 2450; x_wconf 88' lang='lat' dir='ltr'>detrahentes,</span> <span class='ocrx_word' id='word_1_262' title='bbox 576 2384 691 2452; x_wconf 90' lang='lat' dir='ltr'>ipsorum</span> <span class='ocrx_word' id='word_1_263' title='bbox 703 2383 762 2435; x_wconf 91' lang='lat' dir='ltr'>telis</span> <span class='ocrx_word' id='word_1_264' title='bbox 780 2382 917 2452; x_wconf 91' lang='lat' dir='ltr'>plerosque</span> <span class='ocrx_word' id='word_1_265' title='bbox 930 2383 1017 2437; x_wconf 86' lang='lat' dir='ltr'>fodie-</span> 
     </span>
     <span class='ocr_line' id='line_1_35' title="bbox 110 2451 1018 2522; baseline 0.004 -18"><span class='ocrx_word' id='word_1_266' title='bbox 110 2451 180 2504; x_wconf 89' lang='lat' dir='ltr'>bant.</span> <span class='ocrx_word' id='word_1_267' title='bbox 216 2452 405 2505; x_wconf 89' lang='lat' dir='ltr'>Ariobarzanes</span> <span class='ocrx_word' id='word_1_268' title='bbox 421 2461 518 2520; x_wconf 84' lang='lat' dir='ltr'>tamen‚</span> <span class='ocrx_word' id='word_1_269' title='bbox 537 2452 582 2504; x_wconf 88' lang='lat' dir='ltr'>XL</span> <span class='ocrx_word' id='word_1_270' title='bbox 600 2451 683 2504; x_wconf 85' lang='lat' dir='ltr'>ferme</span> <span class='ocrx_word' id='word_1_271' title='bbox 701 2451 833 2519; x_wconf 87' lang='lat' dir='ltr'>equitibus</span> <span class='ocrx_word' id='word_1_272' title='bbox 852 2460 878 2504; x_wconf 93' lang='lat' dir='ltr'>et</span> <span class='ocrx_word' id='word_1_273' title='bbox 898 2453 1018 2522; x_wconf 90' lang='lat' dir='ltr'>quinque</span> 
     </span>
     <span class='ocr_line' id='line_1_36' title="bbox 111 2520 1017 2590; baseline 0.006 -17"><span class='ocrx_word' id='word_1_274' title='bbox 111 2520 217 2573; x_wconf 90' lang='lat' dir='ltr'>milibus</span> <span class='ocrx_word' id='word_1_275' title='bbox 228 2522 346 2590; x_wconf 90' lang='lat' dir='ltr'>peditum</span> <span class='ocrx_word' id='word_1_276' title='bbox 356 2523 472 2589; x_wconf 87' lang='lat' dir='ltr'>stipatus,</span> <span class='ocrx_word' id='word_1_277' title='bbox 483 2539 529 2589; x_wconf 92' lang='lat' dir='ltr'>per</span> <span class='ocrx_word' id='word_1_278' title='bbox 540 2520 656 2573; x_wconf 91' lang='lat' dir='ltr'>mediam</span> <span class='ocrx_word' id='word_1_279' title='bbox 664 2520 751 2573; x_wconf 90' lang='lat' dir='ltr'>aciem</span> <span class='ocrx_word' id='word_1_280' title='bbox 762 2520 941 2574; x_wconf 85' lang='lat' dir='ltr'>Macedonum</span> <span class='ocrx_word' id='word_1_281' title='bbox 951 2538 1017 2578; x_wconf 88' lang='lat' dir='ltr'>curn</span> 
     </span>
     <span class='ocr_line' id='line_1_37' title="bbox 110 2589 1016 2660; baseline 0.007 -20"><span class='ocrx_word' id='word_1_282' title='bbox 110 2589 193 2641; x_wconf 93' lang='lat' dir='ltr'>multo</span> <span class='ocrx_word' id='word_1_283' title='bbox 216 2606 322 2642; x_wconf 90' lang='lat' dir='ltr'>suorum</span> <span class='ocrx_word' id='word_1_284' title='bbox 344 2598 424 2658; x_wconf 91' lang='lat' dir='ltr'>atque</span> <span class='ocrx_word' id='word_1_285' title='bbox 447 2590 562 2642; x_wconf 91' lang='lat' dir='ltr'>hostium</span> <span class='ocrx_word' id='word_1_286' title='bbox 585 2589 711 2656; x_wconf 87' lang='lat' dir='ltr'>sanguine</span> <span class='ocrx_word' id='word_1_287' title='bbox 735 2591 827 2659; x_wconf 89' lang='lat' dir='ltr'>erupit,</span> <span class='ocrx_word' id='word_1_288' title='bbox 850 2590 1016 2660; x_wconf 89' lang='lat' dir='ltr'>Persepolim</span> 
     </span>
     <span class='ocr_line' id='line_1_38' title="bbox 110 2657 1016 2728; baseline 0.006 -18"><span class='ocrx_word' id='word_1_289' title='bbox 110 2657 211 2726; x_wconf 87' lang='lat' dir='ltr'>urbem,</span> <span class='ocrx_word' id='word_1_290' title='bbox 227 2666 306 2727; x_wconf 89' lang='lat' dir='ltr'>caput</span> <span class='ocrx_word' id='word_1_291' title='bbox 324 2658 442 2728; x_wconf 88' lang='lat' dir='ltr'>regionis,</span> <span class='ocrx_word' id='word_1_292' title='bbox 457 2674 569 2728; x_wconf 87' lang='lat' dir='ltr'>ccupare</span> <span class='ocrx_word' id='word_1_293' title='bbox 587 2657 722 2711; x_wconf 83' lang='lat' dir='ltr'>festinans.</span> <span class='ocrx_word' id='word_1_294' title='bbox 758 2657 809 2710; x_wconf 87' lang='lat' dir='ltr'>Sed</span> <span class='ocrx_word' id='word_1_295' title='bbox 826 2675 843 2710; x_wconf 92' lang='lat' dir='ltr'>a</span> <span class='ocrx_word' id='word_1_296' title='bbox 860 2660 1016 2715; x_wconf 86' lang='lat' dir='ltr'>custodibus</span> 
     </span>
    </p>
   </div>
   <div class='ocr_carea' id='block_1_4' title="bbox 108 2770 1013 3351">
    <p class='ocr_par' dir='ltr' id='par_1_5' title="bbox 108 2770 1013 3351">
     <span class='ocr_line' id='line_1_39' title="bbox 138 2770 967 2894; baseline 0.006 -17"><span class='ocrx_word' id='word_1_297' title='bbox 138 2777 148 2860; x_wconf 64' lang='lat' dir='ltr'>l</span> <span class='ocrx_word' id='word_1_298' title='bbox 159 2770 465 2884; x_wconf 46' lang='lat' dir='ltr'>:gilii&#39;ddrell’bdrssllvhat</span> <span class='ocrx_word' id='word_1_299' title='bbox 477 2831 509 2879; x_wconf 91' lang='lat' dir='ltr'>mi</span> <span class='ocrx_word' id='word_1_300' title='bbox 527 2831 553 2879; x_wconf 92' lang='lat' dir='ltr'>ht</span> <span class='ocrx_word' id='word_1_301' title='bbox 564 2833 594 2880; x_wconf 93' lang='lat' dir='ltr'>be</span> <span class='ocrx_word' id='word_1_302' title='bbox 605 2833 682 2881; x_wconf 86' lang='lat' dir='ltr'>called</span> <span class='ocrx_word' id='word_1_303' title='bbox 692 2848 707 2881; x_wconf 89' lang='lat' dir='ltr'>a</span> <span class='ocrx_word' id='word_1_304' title='bbox 716 2832 860 2881; x_wconf 79' lang='lat' dir='ltr'>continuone</span> <span class='ocrx_word' id='word_1_305' title='bbox 871 2833 967 2894; x_wconf 87' lang='lat' dir='ltr'>hedge.’</span> 
     </span>
     <span class='ocr_line' id='line_1_40' title="bbox 138 2889 1012 2952; baseline 0.006 -14"><span class='ocrx_word' id='word_1_306' title='bbox 138 2889 227 2938; x_wconf 85' lang='lat' dir='ltr'>&#39;‘The</span> <span class='ocrx_word' id='word_1_307' title='bbox 237 2889 308 2944; x_wconf 86' lang='lat' dir='ltr'>wind,</span> <span class='ocrx_word' id='word_1_308' title='bbox 323 2890 383 2937; x_wconf 83' lang='lat' dir='ltr'>from</span> <span class='ocrx_word' id='word_1_309' title='bbox 399 2889 440 2937; x_wconf 90' lang='lat' dir='ltr'>the</span> <span class='ocrx_word' id='word_1_310' title='bbox 455 2891 520 2950; x_wconf 86' lang='lat' dir='ltr'>boug</span> <span class='ocrx_word' id='word_1_311' title='bbox 565 2891 668 2952; x_wconf 87' lang='lat' dir='ltr'>rustling</span> <span class='ocrx_word' id='word_1_312' title='bbox 683 2906 710 2939; x_wconf 92' lang='lat' dir='ltr'>or</span> <span class='ocrx_word' id='word_1_313' title='bbox 724 2891 822 2952; x_wconf 86' lang='lat' dir='ltr'>beating</span> <span class='ocrx_word' id='word_1_314' title='bbox 840 2893 933 2952; x_wconf 80' lang='lat' dir='ltr'>against</span> <span class='ocrx_word' id='word_1_315' title='bbox 952 2894 1012 2942; x_wconf 86' lang='lat' dir='ltr'>each</span> 
     </span>
     <span class='ocr_line' id='line_1_41' title="bbox 108 2947 1010 3055; baseline 0.004 -58"><span class='ocrx_word' id='word_1_316' title='bbox 108 2948 188 3055; x_wconf 67' lang='lat' dir='ltr'>otlpqq,</span> <span class='ocrx_word' id='word_1_317' title='bbox 191 2947 509 3055; x_wconf 66' lang='lat' dir='ltr'>lqrsquucedaloudersound</span> <span class='ocrx_word' id='word_1_318' title='bbox 517 2949 573 2997; x_wconf 85' lang='lat' dir='ltr'>than</span> <span class='ocrx_word' id='word_1_319' title='bbox 580 2966 631 2998; x_wconf 83' lang='lat' dir='ltr'>was</span> <span class='ocrx_word' id='word_1_320' title='bbox 640 2950 806 3009; x_wconf 90' lang='lat' dir='ltr'>proportioned</span> <span class='ocrx_word' id='word_1_321' title='bbox 814 2961 838 2999; x_wconf 91' lang='lat' dir='ltr'>to</span> <span class='ocrx_word' id='word_1_322' title='bbox 846 2952 877 3000; x_wconf 90' lang='lat' dir='ltr'>its</span> <span class='ocrx_word' id='word_1_323' title='bbox 884 2951 1010 3001; x_wconf 65' lang='lat' dir='ltr'>violence!</span> 
     </span>
     <span class='ocr_line' id='line_1_42' title="bbox 108 3065 1013 3184; baseline 0.009 -73"><span class='ocrx_word' id='word_1_324' title='bbox 108 3065 343 3184; x_wconf 49' lang='lat' dir='ltr'>oyd‘if&#39;rfilplqypeachss</span> <span class='ocrx_word' id='word_1_325' title='bbox 355 3081 382 3114; x_wconf 90' lang='lat' dir='ltr'>or</span> <span class='ocrx_word' id='word_1_326' title='bbox 394 3067 484 3116; x_wconf 83' lang='lat' dir='ltr'>‘arrivs</span> <span class='ocrx_word' id='word_1_327' title='bbox 495 3068 536 3116; x_wconf 67' lang='lat' dir='ltr'>at!</span> <span class='ocrx_word' id='word_1_328' title='bbox 560 3067 623 3116; x_wconf 88' lang='lat' dir='ltr'>This</span> <span class='ocrx_word' id='word_1_329' title='bbox 631 3070 689 3116; x_wconf 87' lang='lat' dir='ltr'>verb</span> <span class='ocrx_word' id='word_1_330' title='bbox 698 3067 788 3128; x_wconf 83' lang='lat' dir='ltr'>always</span> <span class='ocrx_word' id='word_1_331' title='bbox 799 3068 894 3129; x_wconf 88' lang='lat' dir='ltr'>implies</span> <span class='ocrx_word' id='word_1_332' title='bbox 905 3070 946 3118; x_wconf 90' lang='lat' dir='ltr'>the</span> <span class='ocrx_word' id='word_1_333' title='bbox 958 3069 1013 3119; x_wconf 83' lang='lat' dir='ltr'>idea</span> 
     </span>
     <span class='ocr_line' id='line_1_43' title="bbox 135 3181 1012 3248; baseline 0.006 -17"><span class='ocrx_word' id='word_1_334' title='bbox 135 3184 296 3234; x_wconf 68' lang='lat' dir='ltr'>&#39;Praesidae</span> <span class='ocrx_word' id='word_1_335' title='bbox 311 3182 332 3232; x_wconf 89' lang='lat' dir='ltr'>is</span> <span class='ocrx_word' id='word_1_336' title='bbox 347 3181 375 3231; x_wconf 87' lang='lat' dir='ltr'>os</span> <span class='ocrx_word' id='word_1_337' title='bbox 389 3199 448 3246; x_wconf 82' lang='lat' dir='ltr'>very</span> <span class='ocrx_word' id='word_1_338' title='bbox 458 3184 568 3246; x_wconf 85' lang='lat' dir='ltr'>frequent</span> <span class='ocrx_word' id='word_1_339' title='bbox 583 3200 726 3235; x_wconf 87' lang='lat' dir='ltr'>occurrence</span> <span class='ocrx_word' id='word_1_340' title='bbox 742 3185 766 3233; x_wconf 92' lang='lat' dir='ltr'>in</span> <span class='ocrx_word' id='word_1_341' title='bbox 784 3186 845 3236; x_wconf 85' lang='lat' dir='ltr'>luter</span> <span class='ocrx_word' id='word_1_342' title='bbox 856 3187 965 3248; x_wconf 84' lang='lat' dir='ltr'>Latinity</span> <span class='ocrx_word' id='word_1_343' title='bbox 974 3186 1012 3236; x_wconf 79' lang='lat' dir='ltr'>for</span> 
     </span>
     <span class='ocr_line' id='line_1_44' title="bbox 111 3258 324 3351; baseline 0.005 -1"><span class='ocrx_word' id='word_1_344' title='bbox 111 3258 324 3351; x_wconf 47' lang='lat' dir='ltr'>nggssuffioeg</span> 
     </span>
    </p>
   </div>
   <div class='ocr_carea' id='block_1_5' title="bbox 0 0 1142 3772">
    <p class='ocr_par' dir='ltr' id='par_1_6' title="bbox 0 0 1142 3772">
     <span class='ocr_line' id='line_1_45' title="bbox 0 0 1142 3772; baseline 0 3"><span class='ocrx_word' id='word_1_345' title='bbox 0 0 1142 3772; x_wconf 95' lang='lat' dir='ltr'> </span> 
     </span>
    </p>
   </div>
  </div>
 </body>
</html>
