2274 3772
492 202 583 244 maan
603 203 646 243 rx.
814 192 817 201 '
961 187 1020 244 283

112 312 180 368 fusis
190 313 300 371 vocibus
311 314 408 368 flentes
419 329 482 366 eum
493 311 603 366 orabant
623 319 652 364 ut
665 310 775 364 taudem
786 310 933 364 exsatiatas
946 311 1020 366 laudi

111 383 223 438 modum
235 382 351 453 faceret,¹
364 398 397 435 aa
409 381 486 434 saluti
498 397 570 448 suae,
584 350 611 432 id
624 388 665 433 est
676 379 808 450 publicae,
822 391 952 449 parceret.

148 457 188 506 2⁵.
208 453 288 506 Grata
300 461 355 506 erat
367 451 422 518 regi
433 451 519 520 pietas
529 450 684 502 amicorum.
713 450 805 518 ltaque
814 449 929 518 singulos
942 449 1018 505 fami·

113 520 202 575 liarius
213 539 255 574 am
277 521 354 582 lenus
365 520 502 574 considere
513 518 596 588 jubet.
615 519 755 588 Altiusque
764 534 885 571 sermone
898 521 1017 591 repetito,

112 591 194 644 Vobis
211 539 327 661 quidem,
341 590 433 660 inquit,
452 605 467 639 o
485 587 607 643 fidissimi
625 587 802 657 piissimique²
819 587 920 642 civium
937 599 1018 658 atque

111 661 267 728 amicorum,
279 669 368 728 grates
379 675 429 727 ago
446 657 593 728 habeoque,
607 673 658 710 non
676 655 763 710 solnm
775 673 807 709 eo
819 658 933 728 nomina,
947 660 1017 727 quod

112 729 191 784 hodie
204 730 318 783 salutem
331 746 420 782 meam
433 735 536 780 vestrae
555 743 616 796 prae
636 726 721 795 unitis,
734 725 781 778 sed
799 726 869 795 quod
882 744 898 780 a
911 729 1018 796 primor-

112 799 163 852 diis
180 799 243 852 belli
262 798 364 851 nullum
381 814 444 866 erga
461 813 505 849 me
523 744 718 849 benivolentiae
737 795 834 863 pignus
851 804 931 875 atque
950 797 1018 852 indi·

112 867 184 922 cium
197 868 329 934 omisistis,
341 867 410 920 adeo
422 875 450 918 ut
462 864 642 918 confitendum
654 865 695 934 sit,
708 881 843 934 nunquam
856 867 923 919 mrbi
934 869 1018 922 vitam

112 954 202 990 meam
221 936 304 989 luisse
322 946 376 989 tam
394 951 490 1002 caram,
503 951 583 1004 quam
601 951 661 987 esse
673 934 768 1003 coepit,
781 942 809 987 ut
822 935 897 988 robis
908 936 953 990 diu
967 937 1017 991 frui

112 1005 220 1075 possim.
256 1005 382 1059 Ceterum
400 1021 451 1058 non
472 1005 568 1056 eadem
588 1012 628 1056 est
647 1003 771 1071 cogitatio
790 1020 889 1074 eorum,
907 1008 952 1074 qui
972 1025 1018 1076 pro

112 1091 157 1128 me
177 1075 242 1128 mori
262 1083 360 1143 optant,
381 1083 408 1126 et
427 1090 505 1126 mea:
528 1072 702 1194 quiquidem
722 1071 791 1126 harre
810 1073 1017 1130 benivolentiam

112 1153 227 1197 vestram
240 1143 336 1196 virtute
355 1143 482 1196 meruisse
500 1159 543 1194 me
561 1140 589 1212 ju
609 1141 680 1194 icio.³
714 1143 768 1195 Vos
781 1143 852 1195 enim
865 1143 1016 1198 diuturnum

111 1211 227 1266 fructum
238 1230 273 1266 ex
283 1230 336 1280 me,
350 1212 457 1265 forsitan
470 1211 552 1264 etiam
563 1222 728 1280 perpetuum,
742 1212 876 1281 percipere
888 1213 1017 1282 cupiatis:

112 1299 162 1350 ego
174 1300 218 1336 me
230 1283 325 1335 metior
334 1299 384 1335 non
393 1281 488 1339 aetatis
500 1279 649 1349 spatio,'sed
660 1279 768 1348 gloriae.
805 1280 890 1333 Licuit
902 1284 1019 1350 paternis

111 1351 207 1422 opibus
224 1361 345 1404 contento
367 1351 433 1403 intra
450 1349 628 1402 Macedoniae
648 1351 775 1403 terminos
793 1366 841 1419 per
860 1350 942 1403 otium
963 1369 1018 1406 cor·

112 1421 181 1491 poris
197 1429 338 1490 expectare
356 1420 495 1474 obscuram
513 1428 539 1471 et
557 1418 699 1487 ignobilem
717 1428 901 1472 senectutem:
926 1438 1017 1489 quam-

130 1507 190 1543 uam
203 1507 237 1542 ne
249 1490 315 1559 pigri
327 1490 437 1559 quidem
450 1488 500 1542 sibi
513 1487 568 1540 lata
580 1489 727 1558 disponunt,
737 1488 785 1541 sed
797 1489 906 1541 unicum
918 1487 1018 1544 bonurn

110 1507 261 1613 diuturnam
273 1561 357 1613 vitam
374 1558 556 1612 existimantes
575 1575 656 1628 saepe
675 1557 772 1611 acerba
789 1575 861 1611 mors
880 1574 991 1629 occupat
999 1563 1018 1613 :⁴

110 1646 203 1682 verum
221 1645 278 1697 ego,
296 1629 341 1697 qui
360 1645 410 1682 non
433 1645 516 1680 annos
538 1645 621 1698 meos,
640 1627 687 1681 sed
712 1628 834 1681 victorias
856 1645 974 1698 numero,
994 1631 1017 1683 si

111 1714 222 1751 munera
244 1698 364 1751 fortunae
387 1698 457 1751 bene
475 1706 607 1767 computo,
627 1696 673 1749 diu
691 1698 754 1751 vixi.
790 1698 872 1750 Orsus
888 1715 905 1748 a
924 1699 1018 1752 Mace-

111 1766 190 1820 donia
207 1767 348 1836 imperium
361 1767 500 1820 Graeciae⁶
511 1775 605 1819 teneo:
625 1765 766 1819 Thraciam
789 1774 816 1818 et
834 1766 938 1834 Illyrios
956 1767 1017 1821 sub·

112 1838 171 1904 egi,
189 1836 320 1904 Triballis,
333 1835 492 1915 Maedisque
505 1834 627 1904 imperito
634 1851 643 1902 3
661 1836 760 1903 Asiam,
774 1851 827 1904 qua
839 1835 1009 1904 Hellesponto

111 1921 164 1973 qua
184 1905 261 1958 rubro
281 1905 348 1958 mari
366 1903 516 1973 subluitur,⁸
534 1903 665 1972 possideo.
701 1905 815 1972 Jamque
836 1902 905 1956 haud
927 1877 1019 1974 procul

110 1973 205 2026 absum
232 1974 285 2026 fine
312 1970 411 2040 rhundi,
431 1989 513 2041 quem
539 1988 661 2039 egressus
685 1971 765 2024 aliam
790 1980 916 2041 naturam,
935 1973 1017 2028 alium

110 2042 204 2096 orbem
221 2042 323 2112 aperire
340 2040 407 2095 mihi
425 2041 513 2094 statui.
550 2041 592 2093 Ex
609 2039 675 2094 Asia
695 2041 720 2095 in
748 2041 869 2111 Eumpae
893 2045 1020 2097 terminos

112 2121 246 2165 momento
271 2112 347 2165 unius
372 2109 452 2164 horae
478 2111 608 2163 transivi⁷
641 2110 735 2163 Victor
749 2111 885 2180 utriusque
904 2113 1020 2180 regionis

109 2191 169 2250 post
181 2198 279 2234 nonum
292 2181 366 2250 regni
379 2180 441 2248 mei,
451 2190 509 2250 post
520 2179 680 2248 vigesimum
692 2189 773 2249 atque
785 2189 908 2233 octavum
920 2183 1018 2236 aetatis

110 2251 229 2321 annum,⁸
241 2251 365 2304 videorne
383 2242 459 2303 vobis
476 2249 503 2303 in
520 2249 666 2303 excolenda
682 2250 771 2320 gloria,
784 2250 827 2303 cui
847 2267 890 2303 me
909 2251 954 2303 uni
973 2252 1019 2305 de-

110 2320 179 2386 vovi,
192 2336 269 2389 posse
281 2319 408 2373 cessare‘l

141 2436 148 2459 ¹
162 2430 225 2477 ‘Put
236 2445 250 2477 a
261 2429 323 2476 limit
332 2439 357 2476 to
368 2428 406 2476 his
413 2428 495 2534 praise
513 2428 573 2484 (that
591 2428 620 2483 is,
634 2427 712 2477 desire
728 2427 756 2476 of
767 2429 863 2487 praise),
877 2429 956 2477 which
967 2445 1019 2487 was

111 2505 167 2540 now
178 2487 286 2549 gratilicd
298 2498 323 2535 to
334 2487 375 2536 the
387 2487 411 2535 lu
423 2487 447 2534 l.’

141 2549 199 2633 'tls
210 2557 235 2595 to
246 2547 294 2594 this
305 2546 460 2653 superlative,
471 2560 513 2593 see
526 2545 606 2593 Gram.
619 2546 632 2597 t
643 2549 680 2600 99,
695 2549 716 2600 1,
729 2555 793 2613 note.
993 2606 999 2616 .

142 2612 151 2637 ⁸
170 2606 236 2654 Who
247 2615 337 2654 certam
374 2605 484 2654 cousrder
494 2604 586 2664 mysell
597 2615 623 2652 to
634 2603 694 2652 have
706 2604 806 2652 merrted
817 2619 877 2664 your
892 2605 1019 2665 good-wrll

112 2668 128 2715 b
156 2681 198 2725 my
206 2665 305 2713 volout!
358 2664 630 2733 bissentenceopensn
657 2662 1018 2723 thewayforhisintroduction

112 2682 146 2774 ol
152 2726 194 2773 the
209 2723 354 2773 declaration
371 2722 421 2772 that
438 2724 468 2772 he
484 2722 545 2782 hves
561 2722 618 2782 only
628 2677 665 2770 lin
679 2722 750 2770 same.
781 2723 819 2771 As
830 2731 855 2770 to
865 2725 964 2783 quiden,
978 2739 1019 2772 see

114 2783 396 2913 Zifilie'aidii'arnkes
407 2840 474 2890 them
489 2840 579 2896 <before
595 2840 653 2900 they
664 2839 725 2888 have
741 2840 846 2889 attained
862 2841 903 2889 the
919 2840 958 2890 old
974 2856 1020 2902 age

112 2901 192 2951 which
204 2901 263 2961 they
274 2899 335 2957 nah
346 2899 407 2956 lor).’

142 2960 293 3020 ⁸‘Suprema
310 2959 361 3028 mle
379 2974 436 3007 over
454 2958 566 3030 Graece),
598 2958 660 3031 This
677 2958 698 3006 is
713 2957 779 3006 what
798 2958 839 3007 the
862 2958 957 3007 Greeks
973 2958 1020 3006 call

112 3018 604 3146 mliilbbiidsidilluidfrribldidilyidliiicel
626 3027 711 3149 bibite
720 3086 810 3146 waters
826 3077 854 3125 ol
866 3076 906 3125 the
923 3075 1019 3124 Helles·

112 3144 170 3243 pont
181 3137 228 3185 and
239 3136 266 3184 of
279 3135 319 3205 the
336 3135 420 3184 Indum
434 3135 534 3185 Ocean’
566 3136 678 3184 Allauur
693 3137 770 3197 mrght
788 3137 848 3208 hare
866 3139 927 3203 been
944 3134 1019 3192 used;

130 3204 157 3243 ut
167 3211 194 3243 as
205 3194 246 3265 the
257 3211 300 3243 sea
310 3210 331 3244 rs
341 3210 372 3244 on
381 3211 396 3243 a
406 3195 480 3244 lower
490 3193 554 3243 level
562 3195 620 3243 than
630 3195 670 3243 the
681 3205 757 3252 coast,
767 3198 888 3243 colluatur
896 3210 916 3241 rs
923 3192 1021 3253 equally

113 3264 275 3372 eppqqprrquth,
289 3315 322 3373 by
332 3313 372 3360 the
384 3312 450 3382 rapid
466 3328 568 3373 passage
583 3311 611 3361 ol
622 3312 663 3360 the
675 3311 797 3367 laxartes,
807 3311 889 3381 which
901 3326 951 3359 was
962 3311 1019 3359 mis·

113 3370 297 3481 tsagreeqiilogothe
317 3372 418 3430 Tanais,
438 3372 479 3420 the
499 3371 622 3433 boundary
638 3373 757 3421 betweea
773 3373 838 3418 hsta
853 3370 908 3416 aab.
917 3368 1041 3419 baasae.

137 3488 293 3552 'According
300 3483 427 3543 tremore
434 3502 534 3545 correct
541 3491 711 3549 mantne,
718 3503 767 3540 our
774 3468 1082 3535 emmerammum
