2274 3772
489 160 582 202 arara
601 161 642 202 ιν.
982 145 1022 204 et

110 273 214 330 Deinde
228 281 329 325 tantam
341 271 539 324 multitudinem
552 269 729 324 circumfundi
746 268 917 341 paucioribus
933 285 1021 340 posse.

110 345 171 398 Non
187 344 212 395 in
226 341 336 394 Ciliciae
347 342 480 409 angustiis
497 349 524 393 et
542 340 622 393 inviis
640 339 759 410 callibus,
774 339 821 392 sed
840 340 868 393 iu
885 350 978 409 aperta
996 351 1023 393 et

111 414 166 466 lata
178 411 287 481 planitie
299 411 436 463 dimicare.
472 411 572 463 Omnes
589 408 645 462 fere
661 409 828 463 Parmenioni
840 409 1023 463 assentieban-

111 490 170 536 tur:
191 480 354 550 Polypercon
373 479 444 532 haud
461 479 542 532 dubie
555 479 582 531 in
595 495 627 531 eo
639 479 750 532 consilio
759 479 872 549 positam
885 479 1022 533 victoriam

111 551 292 605 arbitrabatur.
318 550 405 608 Quem
415 545 521 601 intuens
529 564 582 617 rex,
592 565 709 617 namque
718 549 929 616 Parmenionem,
940 565 1024 616 nuper

111 622 199 674 acrius
211 637 292 689 quam
305 618 396 671 rellet¹
408 619 676 687 increpitum,.rursus
693 618 822 686 castigare
841 633 892 670 non
911 619 1022 670 sustine-

112 691 166 760 bat,
179 689 419 757 Latrunculorum,²
431 687 522 755 inquit,
537 695 564 738 et
582 686 672 739 lurum
689 688 739 740 ista
754 687 869 739 sollertia
880 696 928 754 est,
942 704 1024 807 quam

112 759 264 882 ppaecipitis
280 757 364 826 mihi,
385 760 485 826 quippe
503 755 607 808 illonrm
626 765 717 809 votum
734 756 844 810 unicum
862 766 902 809 est
921 755 1022 809 falere.

145 846 194 881 eae
208 844 271 880 vero
282 827 380 896 gloriae
393 841 500 894 semper
512 833 558 878 aut
569 824 718 878 absentiam
730 826 816 895 Darei,
830 833 876 878 aut
888 827 1025 895 angustias

112 899 239 966 locorum,
259 907 305 949 aut
323 895 423 948 furtum
442 896 527 947 noctis
544 894 648 947 obstare
666 911 718 947 nou
735 894 834 965 patiar:
855 894 945 965 palam
964 895 1023 947 luce

112 966 223 1036 aggredi
241 975 344 1018 certum
358 973 414 1028 est:
433 965 503 1016 malo
521 964 566 1016 me
584 963 706 1016 fortunae
721 964 863 1034 poeniteat,
895 981 958 1017 uam
970 964 1024 1016 vic·

112 1037 197 1089 toriae
209 1033 329 1104 pudeat.³
364 1033 407 1086 Ad
420 1034 488 1086 haec
499 1032 565 1086 illud
577 1049 682 1102 quoque
693 1033 813 1086 accedit:
829 982 934 1103 vigiiias
945 1050 1024 1102 agere

113 1105 241 1158 barbaros
252 1112 280 1155 et
293 1104 319 1155 in
331 1105 413 1155 armis
425 1112 502 1224 stare,
514 1112 544 1154 ut
556 1119 590 1155 ne
603 1102 691 1171 decipi
707 1102 816 1172 quidem
832 1106 940 1174 possint,
954 1120 1024 1156 com·

114 1182 219 1245 pertum
233 1172 326 1226 habeo.
363 1173 455 1294 ltaque
468 1190 496 1252 a·
514 1171 643 1242 proelium
657 1189 704 1225 vos
715 1181 815 1244 parate.
851 1172 893 1226 Sic
904 1173 1026 1226 incitatos

114 1242 148 1296 ad
162 1258 269 1312 corpora
280 1242 396 1296 curanda
427 1243 518 1295 imrsrt.

150 1316 193 1364 48.
212 1313 314 1364 Dareus
332 1311 367 1381 id,
383 1311 452 1381 quod
472 1310 611 1364 Parmenio
630 1318 755 1383 suaserat,
768 1309 875 1365 hostem
892 1310 1025 1365 facturum

114 1398 175 1434 esse
194 1380 353 1451 conjectans,
368 1382 483 1433 frenatos
501 1397 584 1450 equos
602 1389 679 1450 stare,
696 1397 875 1451 magnamque
893 1381 1026 1435 exercitus

112 1459 218 1531 partem
242 1453 269 1503 in
291 1449 374 1502 armis
399 1467 468 1520 esse,
492 1467 524 1503 ao
546 1450 651 1518 vigilias
677 1451 815 1504 intentiore
838 1467 902 1504 cura
925 1452 1024 1504 servari

111 1529 242 1590 Jusserat:
262 1535 324 1589 ergo
342 1520 448 1588 ignibus
465 1527 520 1573 tota
535 1519 594 1590 ejus
605 1526 692 1572 castra
704 1519 851 1589 fulgebant.
888 1521 948 1591 lpse
961 1537 1024 1574 curn

112 1588 229 1643 ducibus
246 1590 453 1659 propinquisque
470 1589 577 1658 agmina
589 1589 616 1642 in
628 1590 709 1643 armis
721 1590 848 1644 stantium
860 1590 1024 1659 circumibat,

112 1659 202 1712 Solem
222 1667 248 1711 et
266 1658 395 1711 Mithren⁴
413 1675 571 1728 sacrumque
590 1669 617 1711 et
634 1669 773 1713 aeternum
787 1659 914 1713 invocans
926 1654 1023 1729 ignem,

111 1736 142 1782 ut
155 1729 207 1782 illis
219 1728 327 1797 dignam
340 1735 432 1781 vetere
442 1727 533 1795 “gloria
550 1728 735 1798 majorumque
752 1729 943 1783 monumentis⁵
956 1729 1024 1782 forti·

112 1799 235 1851 tudinem
247 1798 412 1867 inspirarent.
444 1798 478 1850 Et
490 1796 616 1866 profecto,
630 1798 652 1849 si
664 1814 717 1866 qua
729 1797 836 1851 divinae
847 1799 905 1868 opis
915 1799 1026 1866 auguria

112 1866 231 1920 humana
243 1875 335 1920 mente
348 1867 451 1937 concipi
463 1875 578 1935 possent,
588 1866 653 1919 deos
662 1876 731 1920 stare
741 1883 843 1920 secum.
874 1868 934 1921 [llos
942 1884 1026 1937 nuper

112 1936 294 1990 Macedonum
310 1937 409 1989 animis
426 1936 542 1989 subitam
560 1936 703 1989 incussisse
720 1935 892 1990 formidinem
902 1937 922 1988 :⁸
938 1937 1026 1989 adhuc

114 2005 123 2059 l
144 2006 269 2076 mphatos
285 2005 348 2058 ferri
365 2006 409 2074 agi
427 2006 481 2075 ue,⁷
498 2021 573 2058 arma
589 2004 732 2075 jacientes:
753 2015 878 2076 expetere
891 2006 1026 2076 praesides

135 2093 256 2128 erearum
268 2075 373 2145 imperii
385 2076 419 2128 de
441 2076 491 2128 itas
503 2076 530 2127 e⁸
541 2074 701 2128 vecordibus
718 2092 826 2146 poenas.
862 2077 921 2129 Nee
938 2076 1024 2146 ipsum

112 2144 211 2198 ducem
231 2145 455 2199 saniorem-esse:
477 2145 576 2215 quippe
595 2146 645 2198 ritu
663 2144 778 2199 ferarum
798 2144 922 2215 praedam
936 2146 1023 2214 modo,

111 2232 176 2281 tives
187 2233 214 2280 of
221 2233 262 2280 the
273 2244 358 2338 peuter
368 2233 458 2292 plurale
465 2251 530 2302 pono
539 2234 585 2282 and
594 2235 687 2283 inania.
716 2234 815 2284 Curtius
824 2235 845 2283 is
854 2234 911 2283 fond
919 2235 947 2282 of
954 2236 1025 2296 using

113 2291 156 2378 th?
163 2291 563 2411 il'bitfliiddldditiuudhbadlbfeqlidm
573 2351 633 2400 with
644 2351 686 2399 the
696 2352 859 2424 subjunctive,
869 2367 911 2401 see
923 2352 1022 2412 Zumpt,

113 2409 325 2517 ᾖ55510Ῠίῐξιιῧξιῗῑίνει
340 2467 372 2516 do
386 2477 428 2537 not
444 2467 536 2536 always
554 2485 655 2529 express
671 2469 810 2526 smaliness,
828 2470 872 2518 but
887 2469 1024 2538 frequently

113 2525 165 2576 also
174 2535 305 2585 contempt.
324 2525 399 2576 Latro
409 2543 430 2575 rs
440 2543 455 2575 a
465 2527 556 2584 bandrt,
566 2545 581 2576 a
589 2527 726 2586 murderer;
739 2531 889 2578 mmmm
900 2545 922 2577 rs
932 2531 1022 2587 abase,

113 2601 226 2635 common
237 2585 378 2634 cut-throat.
580 2591 584 2597 “
697 2641 699 2645 .
830 2621 831 2624 =

143 2640 271 2693 ⁸Paenitet
282 2661 317 2692 me
327 2644 348 2713 is
358 2647 399 2692 not
411 2645 503 2727 merely
511 2645 543 2715 ’Ἰ
553 2655 639 2706 repent
650 2645 686 2715 of’
699 2645 789 2716 hoviog
799 2646 861 2696 done
875 2647 1021 2710 something,

111 2705 156 2753 but
167 2704 219 2752 also
232 2703 307 2751 ‘Iam
318 2703 486 2753 discontented
505 2706 565 2753 with
576 2706 715 2766 something
723 2705 804 2754 whrch
812 2706 871 2755 does
879 2717 920 2755 not
928 2707 1024 2767 depend

113 2779 146 2812 on
161 2778 210 2819 me,
228 2764 271 2811 but
287 2762 331 2811 has
347 2779 416 2811 some
432 2763 533 2812 relation
548 2774 575 2813 to
589 2779 643 2813 me·
661 2765 815 2827 accordingly
826 2765 892 2822 here,
908 2766 934 2814 ‘I
945 2767 1024 2826 prefer

112 2822 317 2891 discente-ntmeut
328 2822 388 2870 with
404 2838 446 2883 my
458 2822 562 2881 fortune,
580 2834 605 2872 to
621 2799 705 2873 shame
721 2823 757 2873 for
772 2841 814 2886 my
824 2825 935 2886 victory!
968 2826 1023 2875 The

112 2891 244 2930 sentiment
255 2897 275 2930 rs
286 2897 346 2942 very
373 2882 427 2930 ood.

142 2941 187 2987 ‘A
199 2940 300 3000 divinity
311 2941 336 2988 in
352 2897 392 2988 tire
410 2941 511 2990 Persian
525 2941 695 3004 dre-worship,
708 2958 739 2992 au
754 2943 869 2993 assistant
885 2944 913 2992 of
924 2944 966 2992 the
982 2960 1021 2994 su·

111 2998 438 3128 primMeoiriiingffdudfghere
452 3064 533 3129 ‘great
544 3059 636 3111 deeds!
693 3120 699 3130 .
855 3121 860 3131 Ι

111 3116 730 3229 setilatltl‘tttlttttthiedildem
741 3119 883 3170 ΨΜ·
902 3119 1023 3200 =¹'⁰¹¹¹³¹'⁸

142 3234 246 3284 'These
261 3237 342 3304 verbs,
360 3246 368 3283 t
388 3236 453 3297 ough
486 3236 581 3298 roperly
594 3215 727 3301 applicable
743 3239 801 3299 only
817 3249 842 3287 to
858 3237 948 3298 things,
966 3252 1023 3297 may

110 3292 164 3400 fisso
179 3295 218 3400 bel
225 3294 321 3354 applted
336 3305 361 3343 to
376 3311 433 3343 men
444 3252 500 3343 wic
511 3310 551 3345 are
561 3314 609 3346 noo
619 3307 729 3360 compotes
740 3300 864 3347 sui-not
880 3305 984 3354 masters
994 3296 1022 3345 of

140 3367 293 3461 prqqeevqure
304 3413 375 3462 usual
385 3412 534 3474 preposition
543 3412 624 3465 would
635 3413 698 3464 here
708 3415 772 3464 been
781 3430 806 3464 a.
