2274 3772
402 233 403 237 ,
469 194 560 234 ursan
581 195 599 234 r
935 179 988 249 121

87 301 206 355 contrahi
216 301 299 370 jussit.
335 304 481 355 Accessere
490 303 523 354 ad
535 303 601 355 hanc
615 304 742 372 pecuniae
755 319 897 372 summam,
906 302 991 371 captis

88 370 263 439 Persagadis,¹
275 389 321 424 sert
333 371 406 424 milia
418 371 553 424 talentum.
589 373 673 440 Cyrus
690 372 879 440 Persagadum²
898 372 991 425 urbem

88 439 247 510 condiderat,
261 457 341 509 quam
353 442 502 493 Alexandro
515 441 664 509 praefectus
676 441 733 510 ejus
745 442 862 494 Gobares
875 440 989 493 tradidit.

124 515 165 562 21.
184 509 239 562 Rex
258 527 347 563 arcem
367 510 521 579 Persepolis,
538 510 576 562 111
597 506 703 564 milibus
721 511 897 563 Macedonum
918 526 990 578 prae·

89 579 155 632 sidio
175 579 279 648 relictis,
298 579 477 632 Nicarchiden
496 580 563 631 tueri
580 579 670 648 jubet:
694 579 793 632 Tridati
805 596 925 648 quoque,
945 579 991 647 qui

87 665 184 716 gazam
204 647 352 717 tradiderat,
374 657 493 701 servatus
513 660 552 700 est
573 648 662 716 honos,
681 665 761 717 quern
785 649 854 717 apud
876 649 991 700 Dareum

89 717 234 770 habuerat:
263 733 412 785 magnaque
436 717 567 773 exercitus
590 727 662 786 parte
686 726 712 769 et
736 718 932 786 impedimentis
954 716 992 769 ibi

90 786 194 853 relictis,
207 787 378 839 Parmeniona
390 785 578 854 Craterumque
590 786 724 855 praefecit.
761 787 820 855 lpse
838 804 899 839 curu
918 785 991 839 mille

90 853 223 923 equitibus
234 855 406 922 peditumque
419 855 542 922 expedita
555 872 634 907 manu
653 855 803 908 interiorem
821 856 935 908 Persidis
953 871 992 906 re·

89 925 197 992 gionem
216 924 266 977 sub
286 925 371 993 ipsum
393 922 566 991 Vergiliarum
583 924 665 976 sidus³
684 924 766 994 petiit,
783 924 925 993 multisque
945 925 991 976 im-

91 993 182 1046 bribus
201 1002 228 1045 et
247 1008 327 1062 prope
351 991 508 1050 intolerabili
531 1003 688 1062 tempestate
712 1002 829 1059 vexatus,
851 993 991 1063 procedere

91 1070 190 1129 tamen,
209 1079 260 1130 quo
280 1062 434 1130 intenderat,
455 1063 641 1130 perseveravit.
677 1062 792 1115 Ventum
814 1073 869 1116 erat
888 1063 923 1115 ad
943 1062 992 1116 iter

129 1131 227 1200 rpetuis
237 1130 363 1184 obstitum
377 1129 488 1198 nivibus,
499 1147 565 1198 quas
576 1130 679 1200 frigoris
687 1131 727 1184 vis
737 1132 798 1200 gelu
809 1131 990 1185 adstrinxerat.

92 1147 220 1253 iheum
234 1199 339 1268 squalor
350 1209 377 1252 et
389 1199 544 1252 solitudines
562 1201 648 1253 inviae
666 1200 805 1268 fatigatum
818 1201 930 1253 militem
944 1208 992 1252 ter-

93 1268 193 1336 rebant,
215 1268 390 1322 humanarum
411 1285 497 1321 rerum
521 1270 645 1322 terminos
668 1287 696 1322 se
716 1269 807 1322 videre
830 1267 992 1323 credentem.

72 1338 188 1391 'Omnia
200 1347 275 1390 vasta
290 1346 370 1407 atque
388 1337 444 1390 sine
463 1338 515 1390 ullo
533 1337 642 1393 humani
661 1339 748 1392 cultus
764 1339 874 1406 vestigio
891 1338 993 1391 attoniti

93 1407 269 1475 intuebantur,
283 1415 317 1475 et,
327 1416 472 1476 ,antequam
486 1406 531 1460 lux
542 1424 646 1477 quoque
659 1416 685 1460 et
693 1407 800 1465 ¹coelum
814 1408 884 1477 ipsos
896 1407 993 1460 defice·

93 1489 159 1545 rent,
183 1476 278 1529 reverti
300 1475 437 1545 jubebant,
471 1478 527 1530 Rex
551 1479 678 1546 castigare
705 1477 807 1530 territos
831 1476 992 1546 supersedit:

93 1546 214 1598 ceterum
225 1547 283 1614 ipse
294 1562 363 1614 equo
375 1545 486 1614 desiluit,
499 1546 634 1615 pedesque
646 1563 693 1616 per
707 1547 783 1599 nives
799 1555 826 1598 et
844 1554 993 1602 concretam

111 1613 209 1671 lacieru
217 1613 319 1682 ingredi
328 1615 422 1684 coepit.
456 1615 621 1668 Erubuerunt
630 1633 679 1670 non
690 1617 773 1684 sequi,
782 1615 897 1684 primurn
906 1614 993 1684 amici,

93 1632 191 1737 deinde
209 1699 239 1736 co
258 1683 343 1736 iarum
361 1684 450 1753 duces,
463 1684 496 1736 ad
509 1683 632 1737 ultimum
650 1684 763 1738 milites:
783 1685 936 1753 primusque
949 1700 995 1736 rex

93 1751 202 1806 dolabra
218 1701 332 1821 gidciem
350 1752 520 1822 perfringens,
534 1754 583 1806 iter
600 1753 650 1807 sibi
663 1754 741 1806 iecit:
761 1754 914 1822 exemplum
927 1751 995 1820 regis

94 1821 178 1874 ceteri
206 1820 304 1874 imitati
330 1830 398 1874 sunt.
433 1821 554 1875 Tandem
582 1822 773 1891 propemodum
802 1823 889 1874 invias
915 1821 995 1874 silvae

94 1891 205 1959 emensi,
218 1889 328 1948 humani
346 1891 432 1944 cultus
450 1907 507 1942 rara
518 1891 629 1959 vestigia
640 1900 667 1943 et
679 1893 778 1960 passim
790 1898 907 1943 errantes
937 1905 995 1942 eco-

94 1977 151 2013 rum
164 1976 258 2028 greges
270 1975 423 2028 repperere:
443 1968 469 2012 et
487 1959 596 2021 incolae,
614 1961 660 2028 qui
679 1961 776 2029 sparsis
794 1960 905 2028 tuguriis
918 1907 995 2012 habi·

96 2027 192 2097 tabant,
206 2045 268 2080 cum
281 2045 310 2080 se
322 2028 434 2081 callibus
444 2028 521 2081 inviis
532 2038 621 2096 septos
632 2045 691 2081 esse
704 2028 885 2095 credidissent,
894 2037 923 2081 ut
935 2043 995 2082 con·

94 2114 205 2167 spexere
225 2097 341 2151 hostium
358 2115 462 2166 agmen,
485 2097 631 2150 intersectis
649 2098 696 2166 qui
718 2098 839 2168 comitari
861 2097 998 2165 fugientes

94 2183 147 2220 non
166 2163 293 2236 poterant,
314 2166 405 2220 devios
424 2176 527 2221 montes
547 2174 574 2219 et
593 2166 701 2220 nivibus
719 2167 817 2220 obsitos
836 2168 994 2237 petiverunt.

95 2235 160 2288 lnde
184 2252 230 2304 per
253 2235 382 2306 colloquia
405 2237 567 2304 captivorum
590 2236 716 2305 paulatim
739 2236 844 2289 feritate
867 2236 995 2304 mitigata,

95 2302 225 2356 tradidere
238 2321 266 2357 se
280 2307 341 2373 regi.
376 2306 435 2358 Nec
452 2306 479 2358 in
497 2306 599 2358 deditos
615 2307 722 2374 gravius
736 2305 893 2358 consultum.
928 2304 995 2356 Vas·

95 2372 158 2426 tatis
177 2371 238 2424 inde
258 2372 471 2442 agrisPersidis,
490 2375 607 2442 vicisque
628 2374 808 2443 compluribus
830 2373 945 2425 redactis
967 2371 995 2423 in

94 2449 261 2512 potestatem,
274 2454 383 2494 ventum
400 2452 440 2494 est
457 2442 483 2494 in
501 2441 665 2495 Mardorum⁴
682 2451 789 2510 gentem
801 2441 956 2494 bellicosam
967 2447 995 2492 et

94 2509 209 2564 multum
221 2527 237 2561 a
249 2511 344 2562 ceteris
355 2511 442 2563 Persis
453 2510 524 2563 cultu
539 2511 608 2562 vitae
625 2510 818 2563 abhorrentem.
855 2510 954 2578 Specus
968 2508 995 2562 iu

94 2578 228 2632 montibus
240 2578 349 2648 fodiunt,
362 2580 387 2632 in
400 2596 465 2648 quos
477 2581 569 2648 seque⁶
584 2596 616 2632 ao
635 2579 760 2648 conjuges
777 2588 804 2632 et
822 2579 918 2632 liberos
935 2595 994 2631 oon·

94 2649 175 2701 dunt:
200 2664 325 2718 pecorum
345 2657 391 2701 aut
411 2647 525 2701 ferarum
545 2664 624 2701 carne
641 2658 790 2701 vescuntur.
825 2649 867 2701 Ns
887 2647 995 2708 feminis

93 2717 202 2788 quidem
226 2734 272 2786 pro
295 2728 404 2770 naturae
428 2715 519 2770 habitu
544 2717 661 2776 molliora
680 2717 785 2784 ingenia
804 2725 879 2770 sunt:
903 2733 995 2772 comae

93 2787 241 2857 prominent
265 2785 356 2854 hirtae,
378 2787 460 2839 vestis
482 2803 561 2856 super
583 2804 670 2856 genua
693 2795 747 2840 est:
772 2786 854 2840 funda
876 2787 994 2843 vinciunt

122 2898 129 2920 ¹
141 2891 196 2940 Tha
207 2891 273 2939 chief
284 2903 351 2939 town
362 2892 386 2940 in
398 2893 488 2948 Persis,
501 2901 559 2940 next
569 2902 594 2940 to
606 2892 749 2951 Persepolis.

121 2950 239 3001 ²Instead
249 2950 277 2998 oi
288 2949 484 3012 Persngadnrum.
516 2951 566 2999 See
577 2951 655 2999 Gran.
667 2951 681 3002 l
692 2954 729 3006 54,
742 2959 797 2999 note
808 2955 830 2998 5.

123 3014 131 3039 ⁸
143 3011 240 3058 ‘About
247 3009 353 3057 thetime
362 3009 390 3056 of
396 3010 437 3057 the
447 3009 574 3058 Pleiades!
593 3009 641 3057 We
649 3025 688 3058 are
696 3019 736 3058 not
745 3009 796 3058 told
803 3009 912 3058 whether
918 3009 935 3058 ir
944 3021 995 3058 was

93 3070 166 3117 about
182 3068 223 3116 the
238 3069 296 3116 time
313 3068 340 3115 ol
352 3069 414 3116 their
424 3068 498 3129 rising
513 3084 540 3116 or
550 3069 647 3129 setting.
678 3068 701 3116 It
717 3084 797 3116 seems
813 3078 839 3117 to
855 3069 915 3118 heve
932 3069 995 3118 been

94 3127 188 3183 winter,
201 3127 248 3175 and
258 3126 376 3178 therefore
387 3126 491 3176 towards
502 3127 543 3174 the
554 3127 611 3175 time
622 3126 650 3175 of
661 3127 725 3175 their
735 3128 826 3188 setting
836 3127 861 3174 in
871 3127 912 3174 the
925 3134 993 3174 west.

122 3187 166 3233 ‘A
185 3186 246 3234 tribe
265 3185 375 3234 borderin
410 3201 440 3233 on
457 3185 501 3233 the
520 3185 642 3242 Persicus,
659 3186 706 3234 and
724 3185 810 3237 indeed
829 3183 978 3234 rechonedb

94 3244 233 3293 Herodotus
248 3253 359 3304 amongst
376 3255 384 3291 t
403 3260 449 3292 ern.
481 3244 536 3292 The
552 3243 631 3292 Mardi
640 3260 708 3293 seem
719 3253 759 3292 not
770 3254 796 3293 to
806 3244 867 3292 heve
878 3241 936 3291 alid

94 3300 996 3418 ‘⁰ttltht‘lthttltl.⁰tlttlelttttrdt‘dulhm..

96 3419 265 3478 semeron,
278 3423 300 3477 1,
312 3429 376 3468 nna.
519 3377 535 3422 ¹¹
588 3377 639 3435 ¹¹¹⁸·
