2274 3772
109 188 168 244 268
377 202 416 242 on
440 201 547 243 ousrrs
568 201 754 244 suuxsnnru.

129 329 179 366 uae
191 311 293 381 accepi.
328 311 431 365 Relicto
443 311 522 380 igitur
534 311 642 383 Sopithe
653 312 680 364 in
693 329 741 365 suo
753 328 847 385 regno,
859 317 903 370 rsd
923 317 1034 375 flurium

109 329 239 452 Hypasim
250 383 385 452 processit,
400 381 602 453 Hephaestione,
616 382 660 451 qui
678 382 814 437 diversam
834 386 986 455 regionem
997 406 1033 445 su·
1067 438 1068 455 ,

109 451 226 520 begerat,
239 451 386 520 conjuncto.
422 453 546 520 Phegeus
558 459 613 503 erat
630 453 717 520 gentis
734 454 881 522 proximae
896 475 965 513 rex:
984 461 1032 530 qui,
1067 492 1068 516 r

109 521 279 592 popularibus
287 521 343 574 suis
351 521 439 575 colere
448 538 530 590 agros,
542 530 569 574 ut
580 531 760 591 assueverant,
771 521 867 594 jussis,
878 527 1032 585 Alexandro

109 609 173 645 oum
184 592 261 644 donis
272 591 391 659 occurrit,
405 591 471 644 nihil
484 592 552 660 quod
566 590 709 660 imperaret
721 591 891 648 detrectans.

144 667 168 714 7.
193 662 310 715 Biduum
333 660 404 730 apud
427 678 489 714 eurn
514 660 630 713 substitit
653 678 711 714 rex:
742 661 822 717 tertio
847 664 901 718 die
927 683 1033 724 amnem

109 749 233 801 superare
259 730 422 799 decreverat,
447 731 556 784 transitu
583 730 720 783 difficilem
745 747 799 782 non
827 737 925 803 spatio
953 739 1032 793 solunt

109 819 246 871 auarum,
268 799 314 853 sed
339 800 420 852 etiarn
442 803 512 852 saris
532 799 700 869 impeditum.
747 800 938 859 Percontatus
959 809 1033 877 igitur

109 820 224 940 Plregea,
243 887 313 940 quae
331 869 464 922 noscenda
482 878 563 938 erant,
582 870 618 923 XI
636 870 739 923 dierum
752 869 834 950 'ultra
859 874 974 930 flumen
991 895 1034 949 per

109 951 198 994 vastas
216 938 372 993 solitudines
389 941 438 993 iter
456 957 515 992 esse
533 941 682 1008 cognoscit,
700 956 824 1009 excipere
837 941 949 1000 deinde
968 949 1032 1002 Geu-

107 1028 168 1080 gen,
190 1007 338 1064 mairimurn
363 1009 441 1063 totius
463 1009 554 1062 Indiae
578 1010 734 1063 fluminum:
760 1009 925 1068 ulteriorem
951 1017 1033 1088 ripam

108 1080 196 1134 colere
215 1090 309 1150 gentes
328 1079 492 1148 Gangaridas
512 1089 539 1133 st
558 1080 668 1149 Prasios,
684 1096 831 1149 eorumque
851 1099 956 1153 regem
976 1103 1032 1140 esse

108 1153 307 1220 Aggrammem,
331 1150 379 1202 XX
407 1149 515 1203 milibus
544 1149 663 1219 equitum
693 1149 874 1220 ducentisque
910 1155 1032 1224 peditum

109 1220 278 1274 obsidentem
297 1219 363 1272 vias.
400 1219 440 1273 Ad
463 1219 524 1272 hoe
541 1218 729 1290 quadrigarum
743 1219 795 1272 duo
812 1221 895 1275 milia
919 1225 1031 1295 trahere,

109 1299 137 1343 et
166 1290 337 1360 praecipuum
368 1298 494 1344 terrorem
524 1288 686 1358 elephantos,
712 1304 777 1358 quos
807 1290 894 1346 trium
927 1296 1031 1349 milium

109 1376 249 1414 numerum
275 1359 382 1428 explere
404 1358 522 1412 dicebat.
556 1357 724 1412 incredibilia
746 1357 802 1426 regi
831 1362 933 1416 omnia
960 1364 1031 1419 ride·

109 1429 212 1482 bantur.
249 1429 331 1496 Igitur
355 1426 451 1481 Porum
475 1428 549 1499 (nam
568 1445 630 1480 curn
652 1444 685 1480 eo
702 1430 769 1499 erat)
789 1439 979 1505 percontatur,
998 1452 1031 1488 su

109 1515 172 1550 vera
190 1508 288 1566 essent,
307 1513 377 1564 quae
396 1497 564 1551 dicerenturi
600 1497 656 1566 lllc,
672 1499 743 1550 vires
761 1497 874 1566 quidem
894 1505 991 1570 gentis
1006 1513 1031 1558 ct

109 1567 183 1635 regni
195 1565 265 1620 haud
285 1566 350 1618 falso
367 1565 467 1635 jactari,
480 1567 610 1635 affirmat,
629 1578 748 1622 ceterum
766 1567 811 1637 qui
831 1583 965 1638 regnaret
981 1591 1030 1628 non

109 1636 188 1690 modo
213 1635 357 1704 ignobilem
385 1652 453 1704 esse,
479 1635 527 1688 sed
552 1637 636 1690 eriam
660 1636 770 1691 ultimae
799 1639 897 1706 sortis3
932 1644 1029 1714 quippe

146 1717 212 1758 trem
241 1704 300 1775 ejus
328 1714 468 1775 tonsorem,
492 1705 537 1759 vix
565 1705 657 1759 diurno
686 1715 798 1777 quaestu
823 1711 1029 1778 propulsantem

121 1793 208 1847 amen,
231 1784 337 1846 propter
359 1774 479 1828 habitum
503 1774 573 1828 haud
603 1775 756 1830 indecorum
780 1775 853 1829 cordi
877 1779 969 1834 fuisse
991 1798 1028 1836 rs·

110 1846 196 1914 ginae.
232 1845 276 1899 Ab
289 1862 322 1897 ea
332 1844 357 1898 in
370 1845 516 1915 propiorem
530 1845 595 1915 ejus,
605 1846 650 1914 qui
664 1846 721 1898 tum
734 1857 879 1915 regnasset,
890 1851 1027 1905 amicitias

110 1915 198 1969 locum
211 1915 356 1983 admotum,
370 1912 507 1968 interiecto
519 1931 551 1967 eo
564 1932 610 1984 per
623 1915 738 1984 insidias,
751 1915 801 1968 sub
814 1917 910 1984 speeie
929 1920 1027 1974 tutelae

110 1985 223 2038 liberum
243 1985 301 2054 ejus
320 1985 446 2038 invasisse
466 2002 584 2053 regnum,
604 1985 757 2054 necatisque
774 1986 866 2054 pueris
883 1987 971 2060 hunc,
984 1991 1026 2060 qui

111 2072 182 2107 nunc
218 2055 330 2121 regnat,³
357 2071 499 2121 generasse
530 2055 644 2106 invisum
673 2054 810 2123 vilemque
841 2058 1025 2129 popularibus,

111 2124 197 2188 magis
215 2133 341 2190 paternae
354 2122 481 2190 fortunae,
496 2140 575 2191 quarn
592 2141 664 2192 suae,
679 2141 835 2176 memorem.
872 2129 1026 2183 Affirmatio

113 2193 169 2244 Pori
194 2190 371 2260 multiplicem
395 2193 482 2244 animo
507 2193 577 2259 regis
608 2192 735 2261 injecerat
766 2211 867 2247 curam.
914 2199 1026 2253 Hostem

111 2261 258 2329 beluasque
283 2260 432 2330 spernebat,
452 2261 532 2313 situm
555 2261 672 2314 locorum
691 2272 717 2315 et
736 2263 791 2316 vim
809 2264 960 2323 fluminum
985 2287 1026 2323 es·

113 2330 270 2384 timescebat
280 2348 286 2399 3
307 2329 435 2397 relegatos
453 2329 479 2383 in
497 2330 620 2383 ultimum
633 2349 717 2400 paene
736 2349 823 2386 rerum
843 2333 1027 2392 humanarum

112 2401 234 2472 persequi
258 2400 401 2452 terminum
428 2408 454 2453 et
479 2417 571 2453 eruere
597 2401 710 2453 arduum
727 2401 891 2456 videbatur.⁴
928 2409 1027 2462 Rursus

111 2471 224 2523 avaritia
241 2471 350 2538 gloriae⁵
367 2477 394 2521 et
412 2469 569 2523 insatiabilis
592 2470 687 2538 cupido
711 2470 800 2524 lamae
824 2473 892 2526 nihil
914 2477 1026 2548 invium,

113 2541 176 2593 nihil
203 2549 331 2593 remotum
352 2538 435 2591 videri
459 2539 572 2592 sinebat.
609 2540 642 2592 Et
666 2539 799 2593 interdurn
819 2541 977 2618 dubitabat,
995 2565 1027 2601 an

113 2609 283 2674 Macedones,
304 2617 339 2661 tot
359 2609 460 2661 emensi
478 2609 563 2678 spatia
575 2617 709 2678 terrarum,
724 2609 749 2662 in
762 2611 820 2663 acie
838 2621 868 2665 et
886 2614 913 2666 in
935 2618 1029 2671 eastris

113 2695 192 2730 senes
210 2679 280 2748 facti,
300 2695 346 2748 per
369 2677 474 2746 objecta
496 2678 613 2747 flumina,
652 2695 680 2730 er
703 2688 741 2732 tot
759 2690 869 2734 naturae
887 2684 1029 2740 obstantes

113 2747 284 2800 difficultates
299 2748 413 2800 secuturi
431 2757 534 2800 essent:
553 2696 721 2800 abuntlantes
739 2756 906 2820 onustusque
927 2757 1030 2824 praeda

112 2818 199 2883 magis
211 2829 283 2885 parta
296 2817 345 2869 frui
357 2816 435 2884 velle,
448 2834 528 2885 quarn
540 2816 703 2886 acquirenda
716 2817 840 2886 fatigari.⁸
878 2823 942 2877 Non
957 2827 1029 2880 idem

113 2885 163 2938 sibi
177 2894 203 2936 et
217 2886 344 2939 militibus
356 2886 437 2939 animi
451 2903 510 2938 esse
520 2888 538 2938 :⁷
555 2903 584 2938 se
603 2887 681 2939 totius
693 2887 762 2940 orbis
775 2888 921 2958 imperium
936 2906 1030 2950 mente

115 2965 123 2970 ⁸
141 2965 662 3076 :HycthervffiHrs—calledephasis—and
673 2991 790 3052 Hypanis.

142 3045 341 3173 'lriltlliiioovliriise
352 3106 393 3153 the
404 3106 491 3177 author
501 3106 560 3165 slips
571 3107 631 3156 from
647 3109 688 3158 the
704 3109 805 3159 indirect
821 3111 874 3161 imo
891 3114 935 3164 the
953 3119 1032 3170 direct

112 3163 676 3292 epqqqltrqerqrqquulndffiqqqttqqrsqegqaqqisue
693 3227 739 3276 and
756 3224 826 3311 bring
843 3239 871 3279 to
889 3232 955 3296 light
973 3253 1032 3288 men

113 3283 192 3331 exiled
203 3284 290 3331 almost
302 3292 327 3329 to
337 3282 379 3330 the
390 3282 492 3350 lurthest
505 3285 628 3354 boundary
639 3286 667 3335 os
673 3288 718 3355 ⁸the
730 3288 813 3344 world.

142 3348 150 3372 ¹
162 3344 184 3388 A
197 3355 280 3403 strong
290 3357 444 3400 expression:
464 3343 520 3391 ‘the
531 3346 635 3413 burnrng
645 3346 714 3394 thirst
724 3345 760 3415 sor
770 3347 857 3416 glory!

138 3407 148 3431 ⁶
159 3407 165 3428 ‘
175 3402 247 3453 Thau
260 3414 285 3454 to
297 3417 378 3464 weary
389 3401 541 3451 themselves
549 3404 664 3472 pituitae
672 3417 816 3471 acquisitum
824 3407 853 3456 oi
863 3424 924 3462 new
933 3415 1029 3479 booty.’

136 3463 238 3515 '‘That
250 3464 284 3516 he
295 3463 344 3516 had
355 3473 398 3515 not
409 3462 455 3521 the
465 3477 538 3513 same
545 3476 627 3511 ursus
635 3460 717 3508 estha
724 3459 838 3507 sottum
988 3516 992 3524 1
