2274 3772
109 115 150 171 86
377 134 416 173 os
440 133 547 173 oneris
570 132 754 173 irenaeum.

106 247 144 294 tot
163 240 267 294 milium
287 242 370 295 etiam
388 241 478 311 procul
498 241 624 294 stantium
643 257 722 293 aures
741 240 912 311 impleverat.
949 241 1025 295 mue-

107 310 176 364 tuari
199 311 287 363 animo
311 329 365 381 rex,
390 319 416 363 et
439 310 518 363 modo
542 328 627 379 suum,
653 309 731 363 ruodo
755 311 941 364 Parmenionis
964 328 1025 364 con-

108 379 195 432 silium
209 382 278 432 sera¹
290 381 474 434 aestimatione
487 380 659 449 perpendere,
673 381 717 449 qui
737 397 771 449 pe
783 396 816 432 eo
828 389 941 433 ventum
960 388 1024 449 erat,

107 448 179 501 undo
192 449 272 529 recipi
285 451 424 518 exercitus,
437 450 487 502 nisi
499 450 587 518 victor,
601 451 657 502 sine
673 398 750 502 clade
768 466 819 502 nou
838 459 939 518 possets
976 451 1025 503 lta·

107 534 168 587 que,
193 517 358 572 dissimulato
381 529 463 587 metu,
488 519 680 571 mercenarium
704 520 822 588 equitem
848 534 885 571 ex
910 520 1027 573 Paeonia

107 587 268 667 praecedere
284 589 368 659 jubet.
405 589 464 657 Ipse
482 588 650 657 phalangem,
669 589 738 641 sicut
755 598 835 641 antea
852 588 959 642 dictum
977 598 1024 657 est,

107 673 134 709 in
146 656 198 709 duo
210 673 308 710 cornua
319 657 491 711 extenderat:
512 668 654 727 utrumque
671 675 751 710 cornu
764 656 870 727 equites
888 659 1026 727 tegebant.

107 726 222 795 Jamque
241 727 346 780 nitidior
357 727 410 795 lux,
423 726 543 780 discussa
560 727 683 797 caligine,
693 728 784 779 aciem
800 727 920 781 hostiurn
938 736 1026 781 osten-

108 794 191 864 derat,
205 804 232 848 et
244 797 415 866 Macedones,
429 796 486 848 sive
497 796 643 864 alacritate,
653 796 709 849 sire
721 795 808 849 taedio
820 814 837 849 e
909 798 1025 865 tationis,

109 865 246 932 ingentem
257 867 431 936 pugnantium
443 882 516 918 more
534 865 642 918 edidere
660 867 814 920 clamorem.
910 867 984 920 ditus
999 874 1027 920 et

108 949 126 985 a
138 935 232 1004 Persis,
246 951 354 988 nemora
366 935 504 1004 vallesque
522 935 707 1004 circumjectas
725 935 834 990 terribili
852 950 920 988 sono
932 937 1026 1007 imple·

108 1012 191 1056 verat.
227 1006 286 1058 Nec
303 1004 358 1075 jam
379 1005 506 1058 contineri
526 1005 692 1058 Macedones
746 1012 838 1073 terant,
859 1006 927 1075 quin
947 1022 1026 1061 cursu

109 1089 215 1143 quoque
238 1073 273 1127 ad
293 1073 397 1129 hostem
421 1073 619 1127 contenderent.
663 1074 765 1128 Maius
788 1074 878 1128 adbuc
902 1085 978 1129 ratus
1000 1076 1027 1135 iu

109 1143 206 1197 eodem
218 1144 320 1197 tumulo
332 1153 418 1198 castra
435 1143 538 1197 munire
560 1143 661 1197 vallum
677 1143 731 1214 jaci
746 1142 843 1214 jussit:
862 1151 1027 1215 strenueque

109 1227 188 1282 opere
206 1213 333 1284 perfecto,
346 1215 373 1267 in
391 1214 535 1268 tabernaeu
547 1229 601 1283 um,
620 1230 654 1267 err
671 1230 723 1284 quo
741 1221 796 1266 tota
812 1213 888 1267 acies
907 1213 1028 1269 hostium

109 1282 328 1353 conspiciebatur,
341 1284 476 1336 successit.

145 1357 187 1404 47.
206 1353 275 1405 Turn
293 1369 356 1405 vero
372 1353 497 1405 universa
515 1352 595 1404 futuri
613 1351 773 1406 discriminis
790 1351 877 1405 facies
894 1352 922 1406 in
943 1353 1028 1408 oculis

110 1429 182 1473 erat:
206 1422 289 1474 annis
310 1422 456 1490 insignibus
474 1422 536 1490 equi
556 1421 659 1492 virique
683 1421 867 1493 splendebant,
887 1432 917 1475 et
938 1425 1028 1478 omnia

110 1489 248 1543 intentiore
272 1507 336 1543 cura
359 1491 507 1560 praeparari
535 1492 606 1560 apud
636 1491 748 1562 hostem,
773 1491 925 1545 sollicitudo
956 1511 1028 1564 pree·

110 1567 197 1613 torum
214 1559 320 1640 agmina
338 1577 385 1613 sua
404 1561 645 1629 interequitantium
663 1561 827 1630 ostendebat,
845 1576 879 1613 ac
896 1563 1028 1635 pleraque

111 1629 207 1710 inania,
221 1637 289 1682 sicut
307 1629 428 1682 fremitus
445 1630 589 1700 hominurn,
602 1647 731 1700 equorum
750 1630 875 1701 hinnitus,
888 1648 1028 1687 armorum

110 1699 319 1753 internitentium
339 1699 431 1768 fulgor,
451 1699 563 1752 sollicita
583 1702 766 1769 expectatione
789 1709 911 1754 mentem
939 1702 1027 1757 turbe·

110 1777 212 1822 verant.
248 1769 330 1839 [gitur
348 1770 403 1822 sive
421 1769 519 1823 dubius
536 1769 641 1839 animi,¹
658 1770 713 1822 sive
731 1779 760 1823 ut
778 1787 840 1823 suos
850 1773 1027 1843 experiretur,

111 1838 250 1892 consilium
272 1839 388 1907 adhibet,
414 1839 477 1908 quid
508 1839 640 1908 optimum
668 1838 743 1893 factu
767 1847 845 1908 esset,
872 1843 1026 1910 exquirens.

112 1908 259 1978 Parmenio,
278 1909 453 1978 peritissimus
471 1909 538 1961 inter
555 1908 639 1961 duces
657 1911 753 1962 artium
771 1909 856 1979 belli,⁸
873 1908 956 1981 furto,
975 1918 1026 1965 nou

131 1978 236 2031 roelioo
256 1995 288 2032 us
299 1995 359 2032 esse
371 1979 513 2032 censebat:
534 1978 693 2047 intempesta
710 1981 798 2032 nocte⁴
815 1980 932 2048 opprimi
949 1998 1027 2051 posse

110 1996 218 2100 hostes:
232 1995 368 2101 discordes
379 2048 503 2118 moribus,
517 2047 620 2117 linguis,
630 2047 664 2100 ad
678 2047 727 2101 hoc
736 2065 828 2100 sornno
841 2055 867 2101 et
882 2049 1027 2119 improviso

111 2116 230 2186 periculo
247 2118 356 2185 territos,
376 2117 480 2186 quando
502 2116 527 2168 in
548 2127 675 2170 nocturna
696 2117 869 2188 trepidatione
888 2120 1027 2175 coituros?

112 2188 147 2238 At
168 2185 282 2239 interdiu
301 2187 418 2255 primum
438 2185 568 2239 terribiles
588 2204 743 2240 occursuras
761 2186 846 2240 facies
863 2186 1027 2258 Scythamm

112 2255 376 2325 Bactrianorumque:
396 2255 465 2308 hirta
478 2255 529 2307 illis
541 2271 585 2308 ora
598 2265 624 2308 et
636 2258 754 2310 intonsas
765 2273 856 2309 comas
868 2274 940 2326 esse,
952 2276 1025 2329 prae·

111 2335 185 2379 terea
197 2325 326 2379 eximiam
338 2328 484 2378 vastorum⁵
495 2325 706 2394 magnitudinem
719 2343 866 2395 corporum.
904 2327 991 2383 Vanis
1001 2338 1027 2382 et

112 2395 244 2450 inanibue⁸
255 2395 371 2450 militem
383 2397 468 2464 magis
479 2413 561 2465 quam
572 2396 651 2467 justis
661 2395 806 2448 formidinis
815 2395 907 2449 causis
915 2399 1027 2452 moveri.

140 2557 147 2579 ¹
160 2550 212 2599 Not
223 2551 315 2612 merely
328 2550 409 2606 ‘lata’
422 2553 466 2598 but
480 2556 537 2599 ‘too
548 2549 613 2598 late’
646 2548 701 2597 The
718 2548 861 2617 descriptiva
872 2549 1028 2607 infinitiveie

110 2621 472 2679 veryappropnateyempoye
517 2625 557 2657 are
580 2623 704 2668 oexprass
741 2623 875 2656 eccumue
903 2626 950 2659 con
970 2622 1029 2662 rtrou

110 2610 369 2775 ⁰f2‘i³i³”⁸l⁸lm¹l¹d¹
419 2609 521 2775 laedh
568 2618 590 2774 tt
613 2727 680 2779 orer
713 2608 740 2657 ¹¹¹
810 2618 818 2655 t
876 2608 894 2657 ‘³
951 2612 997 2661 ‘s'

140 2743 410 2814 ⁸oercaorurnnro.
476 2743 637 2814 eump,·
682 2761 709 2795 ,Ι
765 2785 770 2796 ¹
854 2803 861 2817 ι
1005 2795 1009 2801 Ι

110 2786 1027 2932 matttlhtlttsst‘llthtlalltttdttstttrdtttl*

111 2902 1030 3036 noltidattttltttlttltl{tltlttththllltt‘ttfdh

109 3026 271 3095 baiocacenses,
285 3023 354 3070 when
366 3022 407 3070 the
418 3023 514 3094 torches
526 3038 589 3071 were
606 3022 697 3084 lighted
704 3038 711 3092 3
728 3024 869 3091 concubium,
884 3024 1025 3096 bed3tun03

110 3091 246 3145 intempesta
257 3099 311 3136 eoa,
322 3096 350 3129 or
357 3085 389 3129 ad
396 3085 492 3153 mediam
502 3091 597 3137 nectari,
609 3097 666 3150 near
676 3080 810 3150 rnrdnrght3
823 3081 870 3152 and
879 3086 959 3153 (mm
969 3103 1025 3136 m.

110 3142 182 3190 'l'hen
198 3140 311 3190 followed
326 3143 355 3189 de
368 3144 444 3190 media
459 3151 531 3197 nocte,
548 3141 609 3189 after
626 3141 759 3209 nudnrght3
793 3142 936 3198 allatarum,
947 3145 1026 3213 sack.

109 3216 198 3310 qqiodqie
209 3199 429 3320 gpttqqprqqqqppcte
440 3216 495 3260 may
507 3202 536 3248 be
552 3199 683 3249 translated
700 3215 724 3248 rn
740 3216 754 3247 a
778 3214 836 3247 cose
847 3214 911 3260 way,
929 3206 972 3251 ‘rn
982 3204 1026 3255 the

159 3326 166 3346 ι
275 3320 303 3345 Η
432 3318 459 3345 ΙΙ
573 3318 580 3341 i

136 3317 658 3440 l'lllrdbldhlayhhihdhli’notehuemcbyrluected
669 3376 729 3426 with
744 3379 832 3434 merie,
846 3378 891 3426 bet
907 3368 947 3428 be*
955 3380 1027 3433 able.
