2274 3772
404 223 406 226 v
486 207 576 245 ursan
598 207 636 245 vr.
961 186 1017 242 tec

110 312 289 366 Macedonum
308 313 420 367 affecto!
458 316 566 383 Ecquis¹
586 333 602 367 e
622 315 697 367 vobis
712 322 848 382 corruptus
863 321 903 365 est
922 310 1016 365 donis!

110 397 190 502 poem
203 382 307 453 ducem,
321 396 400 453 quern
434 384 577 436 raefectum
592 383 845 452 impensiustcotuit
880 382 949 434 Mihi
961 383 1017 451 qui·

129 467 171 503 em
196 451 322 520 objicitur,
347 471 399 523 quo
445 453 600 506 societatem
623 452 699 522 patrii
726 452 856 504 sermonis
884 468 1015 520 asperner,

110 520 179 640 puod
197 521 374 575 Macedonum
394 539 481 574 mores
499 522 640 574 fastidiam.
676 522 718 574 Sic
736 539 797 589 ergo
816 520 934 589 imperio,
946 521 1016 590 quod

129 589 244 660 edignor,
266 590 407 644 immineo!
445 593 504 645 Jarn
526 592 629 660 pridem
648 591 755 643 nativus
775 591 820 643 ille
841 606 928 644 sermo
946 607 1016 643 corn·

111 661 208 711 mercio
235 660 346 713 aliarum
374 662 494 728 gentium
522 660 650 728 exolevit:
682 670 737 712 tarn
761 659 910 726 victoribus,
935 677 1016 728 quam

111 727 195 796 victis,
217 731 354 797 peregrina
374 729 464 797 lingue
483 730 610 782 discenda
630 739 679 780 est.
715 731 774 782 Non
795 727 947 781 mehercule
968 731 1017 782 ista

111 814 155 848 me
179 800 263 866 magis
287 798 402 867 lae'dunt,
422 815 501 866 quarn
526 799 595 867 quod
617 803 755 868 Amyntas,
776 798 919 856 Perdiccae
939 799 1015 869 filius,

111 866 249 919 insidiatus
266 878 307 920 est
324 868 377 935 regi
386 885 393 936 5
412 876 474 920 cum
492 885 544 936 quo
562 868 630 935 quod
648 869 765 920 amicitia
782 866 862 919 fuerit
879 868 953 933 mihi,
967 885 1017 921 non

113 952 203 987 recuso
232 937 384 1006 defendere,
410 937 431 988 si
459 937 577 988 fratrem³
600 937 670 1004 regis
696 953 747 989 non
772 937 882 1005 oportuit
905 937 978 1005 diligi
1001 955 1017 990 a

113 1004 196 1056 nobis.
233 1005 276 1057 Sin
295 1015 386 1057 autern
398 1006 422 1057 in
436 1005 481 1058 illo
493 1006 611 1058 fortunae
624 1005 706 1074 gradu
718 1006 832 1074 positum
844 1005 926 1058 etiam
940 1024 1016 1060 vene-

114 1073 162 1124 rati
181 1090 292 1126 necesse
310 1083 381 1126 erat:
408 1083 503 1144 utrum,
522 1092 628 1144 quaeso,
647 1074 717 1142 quod
741 1091 792 1127 non
813 1075 937 1141 divinavi,
959 1093 1017 1128 reue

113 1159 181 1209 sum,
194 1159 227 1194 an
241 1143 382 1212 impiorum
394 1144 487 1196 amicis
498 1144 644 1197 insontibus
658 1160 762 1224 quoque
774 1144 939 1197 moriendum
958 1146 1016 1198 est?

113 1211 189 1268 Quod
202 1212 222 1264 ei
235 1229 351 1281 aequum
365 1222 412 1279 est,
426 1229 472 1265 cur
491 1213 590 1266 tamdiu
603 1213 684 1265 vivo‘l
703 1226 724 1265 si
743 1213 877 1286 injustum,
891 1230 937 1265 cut
948 1231 1017 1267 nunc

114 1280 222 1333 demum
237 1283 342 1334 occidor
349 1282 384 1346 f⁴j
406 1285 441 1336 At
460 1283 532 1335 enim
549 1283 648 1352 scripsi,
662 1283 781 1336 misereri
792 1299 837 1334 mc
849 1299 947 1350 eorum,
961 1283 1019 1352 qui>

114 1349 165 1401 bus
183 1351 324 1404 vivendum
347 1361 418 1404 esset
441 1351 490 1405 sub
513 1369 553 1421 eo,
572 1352 618 1421 qui
641 1368 671 1403 se
694 1352 767 1405 Jovis
786 1352 870 1404 filium
889 1351 1018 1405 crederet.

114 1417 194 1471 Fides
205 1421 346 1490 amicitiae,
359 1421 414 1472 veri
434 1421 537 1474 consilii
555 1421 701 1491 periculosa
712 1420 827 1490 libertas,
841 1437 889 1473 vos
908 1437 954 1473 me
973 1421 1018 1474 de·

114 1488 237 1557 cepistis!
265 1507 319 1559 vos,
346 1507 415 1559 quae
441 1491 597 1560 sentiebam,
621 1508 655 1543 ne
682 1490 829 1570 reticerem,
853 1489 1015 1560 impulistis!

113 1556 252 1626 Scripsisse
264 1577 308 1611 me
320 1559 387 1612 haec
400 1559 483 1612 fateor
495 1561 556 1629 regi,
570 1577 621 1612 non
641 1559 675 1611 de
696 1576 757 1628 rege
777 1561 921 1628 scripsisse.
958 1561 1017 1615 Non

114 1627 185 1679 enim
198 1626 329 1682 faciebam
343 1629 478 1697 invidiam,
492 1629 539 1681 sed
552 1645 597 1698 pro
610 1645 641 1681 eo
653 1629 791 1683 timebam.
827 1630 937 1699 Dignior
952 1631 1019 1685 milti

114 1695 265 1749 Alexander
283 1698 431 1767 videbatur,
450 1698 495 1767 qui
515 1699 587 1752 Jovis
607 1698 727 1767 stirpem⁵
744 1700 838 1752 tacitus
855 1709 1018 1769 agnosceret,

113 1781 193 1832 quam
206 1767 251 1835 qui
263 1766 456 1835 praedicatione
474 1767 593 1836 jactaret.
629 1767 680 1820 Sed
699 1768 823 1837 quoniam
836 1769 934 1821 oraculi
952 1769 1021 1822 fides

113 1844 185 1886 certa
198 1844 245 1905 est,
259 1837 292 1888 sit
304 1836 371 1888 deus
383 1852 480 1888 causae
501 1853 579 1888 meae
598 1836 682 1888 testis.
717 1837 840 1890 Retinete
860 1854 905 1890 me
926 1838 952 1888 in
964 1837 1020 1891 vin·

114 1903 186 1970 culis,
200 1904 264 1957 dum
277 1905 420 1957 consulitur
432 1906 564 1958 Hammon
576 1922 700 1957 arcanum
718 1915 744 1956 et
762 1905 896 1958 occultum
913 1905 1021 1958 scelus.⁶

114 1972 231 2041 Interim,
250 1975 295 2042 qui
319 1991 409 2043 regem
433 1984 548 2026 nostrum
572 1974 753 2041 dignatusest
771 1975 864 2043 filium,
883 1975 1020 2028 neminem

115 2057 212 2110 eorum,
226 2043 271 2110 qui
284 2043 357 2112 stirpi
370 2060 433 2095 cuae
446 2043 561 2096 insidiati
579 2045 639 2095 sunt
660 2042 742 2095 latere
763 2042 885 2112 patieter.
921 2043 947 2096 Si
965 2061 1020 2096 cer·

115 2114 181 2179 tiora
198 2111 310 2165 oraculis
326 2112 432 2165 creditit
450 2129 510 2165 esse
529 2121 666 2181 tormenta,
675 2128 714 2171 ,ne
722 2111 802 2166 ,hanc
821 2113 929 2182 quidem
948 2112 1021 2166 exhi·

115 2178 218 2232 bendae
232 2181 348 2237 veritatis
360 2182 440 2234 fidem
453 2182 588 2251 deprecor.

150 2254 191 2301 40.
210 2250 298 2303 Solent
321 2252 358 2303 tei
387 2252 481 2320 capitis
510 2251 637 2304 adhibere
660 2252 735 2305 vobis
760 2253 907 2373 parentes!
949 2253 1021 2305 Duos

116 2317 208 2370 fratres
220 2336 268 2387 ego
286 2337 369 2389 nuper
385 2321 478 2388 amisi,
496 2330 597 2390 patrem
616 2338 667 2373 nec
684 2330 758 2373 osten
779 2338 823 2373 ere
841 2337 957 2390 possum,
969 2337 1020 2374 nec

116 2388 235 2440 invocare
248 2389 341 2456 audeo,
355 2404 415 2441 cum
429 2399 455 2442 et
473 2391 529 2458 ipse
549 2391 612 2442 tanti
631 2390 748 2442 criminis
767 2407 826 2442 reus
844 2390 884 2441 sit.
921 2391 1018 2445 Parum

115 2466 154 2508 est
167 2458 246 2526 euim,
260 2467 296 2510 tot
308 2459 386 2510 modo
399 2458 513 2512 liberum
525 2467 670 2528 parentem,
684 2459 710 2511 in
730 2458 808 2511 unico
828 2457 882 2511 filio
901 2459 1020 2527 acquies-

115 2535 228 2595 centem,
248 2544 279 2578 eo
298 2544 402 2596 quoque
420 2525 513 2597 orbari,
532 2528 582 2580 nisi
600 2528 659 2597 ipse
687 2527 712 2582 itt
739 2543 830 2594 rogum
856 2544 947 2580 mcum
972 2528 1020 2582 im·

115 2594 226 2664 ponitur.
263 2597 341 2666 Ergo,
360 2597 496 2663 carissime
520 2606 601 2666 pater,
621 2605 649 2649 et
666 2604 770 2666 propter
788 2613 832 2650 me
849 2596 975 2667 morieris,
993 2606 1021 2652 et

114 2693 223 2700 *—

143 2737 149 2759 ¹
164 2731 203 2785 ‘ils
214 2731 281 2779 there
294 2747 391 2791 anyone
400 2732 418 2781 t‘
429 2748 443 2779 a
453 2732 564 2791 question
571 2731 650 2791 which
660 2741 760 2790 expects
771 2747 785 2780 a
795 2731 906 2792 negative
917 2747 1018 2782 answor.

141 2796 152 2819 ²
164 2790 249 2839 ‘With
260 2807 274 2839 a
284 2800 378 2898 preater
388 2791 545 2850 expenditure
556 2789 593 2845 (of
604 2791 705 2845 trouble)
717 2791 775 2839 than
785 2790 872 2839 usual’

142 2849 189 2897 ³ln
208 2850 267 2898 both

114 2909 231 3014 brlt‘hlefh'
267 2968 324 3015 then
346 2934 566 3016 cmlnowutlast
595 2978 620 3015 ut
636 2977 661 3014 to
676 2967 776 3016 decth¹’
806 2967 904 3018 Demiror
919 2968 976 3018 here
991 2969 1016 3018 in

114 2983 303 3116 thppomehihat,
311 3003 361 3074 rire
372 3042 443 3074 senec
454 3026 482 3074 of
493 2983 600 3087 deniqui,
613 3016 645 3074 od
653 3004 786 3133 atsemulifn.
836 3098 837 3103 ,

141 3085 902 3214 ·riflfllhl‘fflflllflllilfilfll‘lelium.sen,
915 3149 937 3193 2.

142 3206 151 3229 '
162 3203 297 3264 ‘Tobrrng
308 3220 322 3250 u
349 3203 410 3250 their
419 3213 515 3261 parents
522 3203 602 3251 before
612 3219 659 3264 you
667 3204 683 3231 ·'
696 3203 793 3264 hemely
812 3220 839 3252 as
850 3216 1007 3252 intercessore

113 3264 277 3331 deprmntorm.
309 3219 363 3310 'lphe
382 3262 429 3309 fact
449 3262 509 3317 that,
530 3263 554 3310 in
573 3262 613 3310 the
634 3238 691 3310 neitt
709 3239 832 3319 centonio,
854 3263 894 3310 the
915 3238 1020 3321 epochei

114 3330 234 3368 mentions
245 3321 282 3368 his
293 3330 343 3389 tcto
353 3320 471 3389 brothers.
483 3320 549 3369 leads
557 3337 586 3369 trs
595 3320 1024 3430 t⁰f⁰¹ifiiii¹0⁰2ti¹⁸i1iffi2⁸ffl⁰gfufss

115 3378 759 3499 dublttttttltdtlutttttdttius:

43 3513 46 3519 '
499 3518 510 3534 '¹
558 3514 578 3552 Η

308 2850 358 2897 ctin
375 2851 421 2898 and
441 2850 532 2906 Greek,
549 2850 601 2898 first
620 2850 716 2898 cousins
732 2865 772 2898 are
789 2849 924 2911 frequently
941 2850 1020 2901 called
