2274 3772
143 156 204 211 ἰοῦ
409 170 448 209 ua
472 168 579 209 oesrrs
601 167 786 208 suaxrunm.

143 281 241 334 ceteris
261 277 390 348 barbaris,
416 279 487 332 mdis
510 287 536 330 et
562 276 712 331 inconditus
735 280 839 331 sansus¹
863 285 922 329 est:
948 274 1065 346 quidam

143 368 235 403 eorum
267 350 424 418 sapientiam
455 366 551 417 capere
575 348 705 414 dicuntur,
730 357 971 416 quantamcunque
995 360 1064 414 geue

137 421 213 490 ¹capit
225 437 330 487 semper
342 430 452 471 armata.
489 419 583 486 Sicque
603 418 702 469 locutos
720 434 779 469 esse
799 417 871 486 apud
892 434 989 485 regem
1007 431 1063 469 rne-

142 489 243 543 moriae
264 489 395 558 proditum
417 500 472 542 est:
492 488 644 540 abhorrent²
656 487 762 539 forsitan
776 488 895 540 moribus
915 487 1022 555 nostris,
1035 495 1063 539 et

141 569 261 628 tempora
285 569 311 611 ct
336 560 440 625 ingenia
463 558 573 609 cultiora
597 557 709 624 sortitis,
736 557 784 609 sed
811 571 839 609 ut
865 557 950 626 possit
978 557 1062 611 oratic

141 646 233 682 eorum
254 631 349 698 sperni,
363 637 452 681 tamen
465 627 533 680 fides
552 638 639 678 nostra
651 644 702 679 non
715 626 809 679 debet:
829 644 907 696 quae,
920 636 1062 696 utcunque

141 709 202 752 sunt
232 699 333 765 tradita,
358 699 507 766 incormpta
533 697 707 764 perferemus.
744 697 826 764 Igitur
853 714 936 749 unum
960 714 1000 750 ex
1019 697 1065 751 his

140 771 291 824 maximnm
304 779 365 820 natu
381 768 499 820 locutum
511 767 682 835 accepimus:

175 845 216 892 34,
236 839 262 892 Si
275 839 312 891 dii
326 839 447 891 habiturn
460 837 574 904 corporis
586 837 622 887 tui
643 835 764 889 aviditati
782 835 865 889 animi
885 853 980 906 parem
1000 853 1062 891 esse

139 910 293 977 voluissent,
318 908 388 960 orbis
412 917 438 959 ts
462 925 514 960 non
545 915 668 974 caperet3
698 907 782 959 altera
804 922 886 960 mauu
911 906 1060 977 Orientem,

139 980 223 1031 altera
235 978 407 1031 Occidentem
420 978 593 1045 contingeres,
607 984 633 1027 et
653 976 703 1029 hoc
720 985 858 1031 assecutus
876 976 946 1027 scire
966 976 1061 1047 velles,

139 1049 185 1102 ubi
208 1049 274 1101 tanti
298 1048 426 1100 numinis³
444 1047 530 1115 fulgor
553 1045 720 1099 conderetur.
765 1046 807 1098 Sic
830 1062 936 1114 quoque
963 1063 1062 1101 concu-

138 1119 228 1188 piscis,
248 1136 317 1187 quae
341 1135 392 1170 non
415 1117 499 1187 capis.
535 1116 579 1168 Ab
598 1117 703 1184 Europa
720 1116 791 1185 petis
808 1116 918 1168 Asiam:
937 1133 977 1170 ex
996 1117 1063 1171 Asia

138 1189 234 1242 transis
252 1190 278 1241 in
298 1189 431 1257 Europam
441 1189 460 1255 5⁴
486 1186 584 1240 deinde
605 1186 627 1238 si
645 1185 794 1239 humanum
811 1202 897 1254 genus
915 1202 1001 1240 omne
1020 1204 1062 1241 sn·

138 1261 280 1329 paraveris,
294 1275 356 1311 cum
370 1258 443 1311 silvis
455 1266 481 1310 et
494 1256 601 1309 nivibus
613 1264 640 1308 et
652 1255 808 1309 fluminibus
826 1255 944 1325 ferisque
966 1257 1063 1311 bestiis

137 1340 261 1398 gesturus
278 1345 309 1380 es
327 1329 437 1381 bellum.
473 1326 566 1384 Quidt
585 1334 613 1378 tu
631 1327 736 1393 ignoras
753 1326 861 1378 arbores
879 1343 999 1393 magnas
1016 1327 1064 1382 diu

138 1416 266 1468 crescere,
281 1415 333 1450 una
346 1398 409 1450 hora
421 1396 566 1466 extirparil
602 1396 703 1448 Stultus
721 1404 769 1463 est,
783 1395 828 1465 qui
847 1394 952 1448 fructus
965 1414 1065 1453 earum

138 1477 250 1537 spectat,
264 1467 435 1520 altitudinem
447 1483 496 1518 non
511 1467 628 1518 metitur.
662 1466 737 1535 Vide,
751 1483 785 1518 ne
798 1465 863 1519 dum
875 1465 911 1518 ed
924 1483 1064 1522 cacumen

138 1539 277 1607 pervenire
295 1536 441 1604 contendis,
455 1552 517 1587 cum
539 1536 605 1604 ipsis
624 1537 712 1605 ramis,
727 1552 793 1604 quos
811 1535 1064 1608 comprehenderis,

137 1606 256 1660 decidas.
293 1607 348 1658 Leo
365 1622 470 1674 quoque
482 1604 625 1674 aliquando
637 1606 810 1658 minimamm
821 1605 912 1658 avium
926 1607 1064 1675 pabulum

137 1677 205 1744 fuit,
223 1687 250 1728 et
268 1675 368 1728 sermm
381 1676 471 1744 rubigo
484 1676 625 1728 consumit.
661 1675 736 1729 Nihil
748 1684 804 1728 tam
821 1675 930 1728 firmum
950 1687 1005 1747 est,
1019 1679 1065 1733 cui

155 1746 286 1799 ericulum
299 1762 350 1798 non
363 1747 397 1798 sit
409 1747 491 1798 etiam
504 1745 539 1797 ab
551 1745 675 1797 invalido.
712 1745 780 1803 Quid
795 1746 871 1798 nobis
884 1756 981 1799 tecum
1001 1748 1064 1803 est‘l

163 1833 280 1886 unquam
301 1824 399 1869 terram
424 1825 497 1868 tuam
520 1816 664 1882 attigimus.
701 1815 754 1874 Qui
777 1816 833 1883 sis‚⁵
855 1815 928 1869 unde
952 1818 1062 1887 venias,

135 1887 232 1940 licetne
251 1888 369 1955 ignorare
382 1887 408 1938 in
421 1886 504 1938 vastis
517 1885 591 1938 silvis
602 1885 775 1938 viventibus?
810 1887 870 1938 Nec
887 1887 993 1938 servire
1014 1888 1063 1942 ulli

135 1974 285 2026 possumus,
310 1973 361 2009 nec
391 1957 522 2026 imperare
552 1955 745 2009 desideramus.
783 1955 857 2007 Dona
886 1955 963 2008 nobis
997 1957 1063 2012 data

57 2087 59 2090 ¹
135 2027 217 2094 sunt,⁸
234 2043 267 2079 ne
286 2026 444 2095 Scytharum
462 2035 570 2094 gentem
589 2026 700 2093 ignores,
713 2025 814 2095 jugum,
828 2034 954 2091 aratrum,
971 2025 1062 2097 hasta,

165 2127 247 2173 ¹Here
261 2131 403 2173 ‘acutenese
415 2125 442 2173 of
454 2126 609 2184 perception)

164 2184 237 2231 'The
250 2185 344 2244 subject
357 2185 377 2231 is
387 2185 501 2243 wrapped
509 2201 541 2243 up
552 2185 575 2231 in
587 2185 627 2232 the
638 2185 763 2245 following
774 2201 833 2245 quae
840 2186 1000 2246 perferemus,
1013 2189 1063 2238 and

135 2259 192 2304 may
204 2246 233 2290 bc
245 2244 317 2303 given
329 2259 355 2290 as
367 2244 444 2290 ‘their
453 2244 548 2290 words.¹
579 2244 631 2291 Our
641 2244 726 2292 author
737 2261 794 2304 says
805 2244 857 2292 that
869 2251 927 2291 ‘our
940 2262 1062 2297 manners

135 2303 197 2352 have
209 2319 275 2350 more
286 2302 397 2362 polished
408 2303 480 2350 times
492 2303 538 2350 aud
551 2303 690 2359 intellects,’
702 2304 845 2364 attributing
855 2314 879 2351 to
888 2304 930 2351 the
940 2321 1062 2357 manners

136 2364 201 2411 what
212 2363 324 2422 properly
336 2363 436 2423 belongs
448 2372 473 2410 to
485 2363 526 2410 the
537 2378 652 2421 persons:
674 2368 726 2411 ‘we
743 2365 790 2411 live
802 2364 825 2411 in
838 2380 852 2410 a
863 2379 929 2410 more
942 2366 1062 2423 polished

135 2439 189 2484 age,
203 2423 249 2472 and
261 2439 304 2470 our
316 2421 488 2491 intellectsare
501 2438 566 2470 more
583 2423 730 2491 cultivated)
765 2424 820 2470 'rhe
836 2434 952 2492 sentence
969 2429 1017 2474 sed
1033 2438 1061 2477 ur

132 2485 208 2552 possit
222 2520 227 2530 .
240 2519 246 2531 .
259 2520 264 2530 .
278 2520 283 2530 .
295 2485 358 2531 debet
370 2499 390 2530 rs
401 2498 415 2530 a
426 2481 523 2551 krndof
531 2483 696 2541 parenthesis:
713 2482 843 2551 ‘although
856 2490 981 2553 (grantrng
993 2487 1061 2540 thet)

135 2542 792 2663 llsstttttttlgtltlttftt'ttbttdlllll¹⁵’
806 2548 856 2602 m„
867 2541 962 2670 Μ
974 2560 1003 2592 ¹¹¹
1021 2562 1059 2595 ‘⁰‘

164 2661 298 2729 ²Namely,
312 2665 382 2718 solis;
400 2661 437 2709 for
448 2673 473 2708 to
483 2666 561 2710 oriens
574 2662 620 2709 and
631 2664 734 2710 occidens
746 2661 798 2708 that
814 2662 968 2709 substantive
986 2677 1059 2714 must

136 2720 394 2846 beffbbbbehocalled
406 2780 535 2848 Scythicus
547 2780 663 2839 certainly
672 2779 711 2828 did
723 2792 765 2827 not
776 2779 889 2848 spealtof
897 2780 997 2840 Europe
1008 2785 1059 2834 and

136 2838 197 2885 Asia
208 2853 214 2893 3
227 2837 263 2884 for
273 2838 314 2885 the
325 2851 476 2898 supposrtron
488 2840 540 2887 that
552 2841 610 2900 they
620 2855 683 2887 were
696 2840 837 2898 Europeaus
849 2856 869 2886 rs
881 2856 895 2887 a
905 2844 1058 2902 geographi-

134 2897 173 2946 cal
189 2912 254 2944 error
270 2897 298 2944 of
310 2913 353 2945 our
369 2900 461 2946 author.
494 2899 542 2947 But
559 2915 596 2946 we
614 2910 678 2947 must
695 2901 831 2946 remember
847 2899 899 2946 that
916 2900 958 2948 the
972 2903 1058 2952 whole

135 2957 224 3066 {Petecb
246 2956 382 3063 iscmfirchy
403 2975 417 3005 a
438 2959 537 3066 spirhhld
559 2959 691 3065 invetntihn,
715 2959 880 3066 prhbhblyfoh
900 2959 942 3066 the
956 2961 1057 3034 'Greek

154 3034 173 3065 rs
186 3032 262 3084 onan,
293 3032 309 3084 ,a
330 3032 350 3063 rs
380 3033 446 3065 enee.
528 3034 714 3066 osenenrous
736 3034 800 3078 sye
821 3034 836 3065 o
883 3035 908 3066 ar
927 3036 1011 3069 armus
1036 3039 1057 3072 rs

134 3075 389 3194 eththhsyhhhhhehhe
405 3135 543 3184 distinction
559 3139 673 3185 between
687 3137 729 3185 the
746 3138 928 3197 mterrogatives
944 3142 988 3199 qui
1005 3144 1057 3192 and

134 3199 197 3264 quis,
210 3195 299 3263 which,
313 3194 430 3254 probably
441 3206 466 3242 to
477 3196 547 3244 avoid
563 3198 604 3244 the
621 3197 698 3244 sound
710 3197 799 3244 caused
812 3199 843 3257 by
855 3197 923 3244 three
935 3199 1056 3252 sibilante

134 3258 223 3362 ¹⁰⁶thss
235 3258 277 3362 rial,
291 3255 581 3361 fflbnotthpwshrved'rllim'
595 3273 636 3304 see
650 3257 730 3325 Grumv.
743 3257 832 3324 ῢ118.Ι
889 3317 894 3325 .

210 3331 263 3362 arne
293 3350 298 3369 ,
380 3329 392 3361 e
421 3330 472 3361 os.
542 3326 1041 3369 coratormcntronsvarrousinstmment

125 3373 165 3422 sor
174 3330 343 3436 rrgriculryure,y
348 3329 469 3433 warfnnd
482 3373 525 3423 the
540 3375 622 3424 duties
632 3375 658 3423 ol
670 3375 716 3422 reli
731 3376 784 3427 iou.
792 3375 927 3420 whicbtbe
935 3378 1011 3426 mode
1023 3337 1056 3429 οῗ

115 3433 160 3483 life
170 3434 292 3488 followed
310 3439 324 3488 b
354 3437 395 3488 his
406 3437 494 3488 nntion
503 3436 639 3497 required,
654 3433 731 3482 andr
746 3433 772 3479 'ts
784 3432 860 3477 mehe
873 3431 900 3476 et
908 3431 956 3475 hle
966 3433 1005 3478 *ne
1015 3438 1069 3485 *w

105 3493 191 3546 lieres
205 3510 231 3548 ro
241 3498 311 3552 bave
324 3454 392 3553 been
403 3499 515 3554 marked
527 3508 572 3549 out
582 3497 623 3547 for
633 3493 750 3551 themby
762 3489 808 3536 the
817 3487 890 3547 gods.
