2274 3772
136 87 175 145 30
404 105 443 146 ns
466 104 573 147 oraria
594 103 776 145 annxaunnr.

134 212 283 283 damnaret,
308 220 336 267 at
359 213 412 267 ille¹
438 213 568 267 divideret
589 213 685 268 saltem
707 209 915 266 innumerabiles
939 210 1042 282 copias,

135 284 199 337 neu¹
216 283 266 337 sub
284 300 367 336 unum
384 281 504 336 fortunae
522 284 604 336 ictum
623 293 689 336 totas
701 284 771 335 vires
788 282 863 350 regni
880 278 975 337 cadere
993 297 1043 350 pn·

136 360 243 405 teretur.
279 353 372 405 Minus
390 352 440 406 hoc
458 353 521 422 regi,
534 370 615 423 quam
634 352 782 422 purpuratis
794 351 853 422 ejus
864 349 1041 420 displicebat:

134 422 280 491 ancipitem
291 420 381 491 fidem,
394 431 421 476 et
432 423 557 475 mercede
570 422 692 475 scitalem
705 421 877 491 proditionem
890 419 1041 491 imminete,

60 521 63 526 ·
135 502 163 543 et
175 490 258 544 dividi
274 508 328 544 noo
341 492 375 545 ob
392 492 465 544 aliud
483 492 573 561 copias
585 491 661 560 velle,
675 509 755 559 quam
775 499 804 542 ut
821 490 871 559 ipsi
890 489 915 542 in
934 489 1043 543 diversa

135 559 255 630 digressi,
279 561 302 614 si
331 561 394 630 quid
416 561 702 630 commissum-esset,³
724 560 856 614 traderent
879 556 1041 612 Alexandro.

136 630 209 684 Nihil
228 630 310 683 tutius
328 631 391 700 lore,
403 648 486 700 quam
503 630 678 683 circumdatos
696 647 742 682 eos
760 630 874 683 exercitu
893 624 946 681 loto
965 626 1043 683 obrui

137 700 204 766 telis,
218 699 408 754 documentum
420 719 471 754 nou
484 700 583 753 inultae
597 700 722 770 perfidiae
735 699 842 752 loturos.
880 700 915 751 At
926 698 1041 768 Dareus,

136 777 166 823 ut
179 778 234 822 erat
252 773 370 822 sanctus⁴
386 786 418 823 ac
437 771 516 840 mitis,
531 787 559 822 se
573 787 634 822 vero
652 778 755 823 tantum
774 768 877 821 facinus
889 775 1043 834 negatesse

137 839 276 907 facturum,
290 850 319 891 nt
332 850 412 893 snam
430 849 536 892 secutos
553 839 642 906 fidem,
656 856 717 891 suos
734 839 838 906 milites,
851 835 942 906 jubeat
961 837 1042 890 truci·

136 909 202 962 dari.
237 910 324 967 Quem
347 908 578 979 deiudesamplius
594 909 731 962 nationum
754 917 904 973 exterarum
927 904 1044 978 salutem

137 995 213 1031 suam
238 978 400 1031 crediturum
419 980 481 1045 sibi,
506 981 527 1032 si
552 987 588 1031 tot
611 978 726 1032 militurn
750 977 877 1046 sanguiue
901 975 1043 1033 imbuisset

136 1046 253 1100 manuel
288 1049 431 1102 Neminem
450 1049 574 1102 stolidum
592 1048 729 1101 consilium
743 1047 829 1116 capite
842 1046 914 1098 luere
931 1044 1042 1103 debere.

138 1117 280 1170 Deluturos
296 1118 368 1171 enim
387 1119 432 1188 qui
450 1119 598 1183 suaderent,
612 1119 632 1170 si
645 1118 758 1170 suasisse
771 1115 948 1187 periculosum
960 1123 1042 1167 esset.

139 1187 261 1257 Denique
280 1189 350 1257 ipsos
361 1188 457 1241 cotidie
469 1190 502 1241 ad
516 1207 544 1240 se
560 1188 683 1240 advocari
700 1189 725 1240 in
744 1185 891 1253 consilium,
904 1183 1043 1252 variasque

139 1258 284 1310 sententias
302 1257 400 1327 dicere,
413 1275 462 1310 uec
483 1270 571 1310 tamen
592 1257 707 1310 melioris
725 1255 788 1309 fidei
807 1254 907 1322 haberi,
921 1253 966 1324 qui
981 1271 1042 1322 pru-

138 1326 245 1379 dentius
263 1327 391 1379 suaserit.
428 1329 520 1396 ltaque
551 1329 660 1379 Graecis
690 1327 819 1379 nuntiare⁶
841 1323 922 1394 jubet,
953 1324 1044 1392 ipsum

138 1396 247 1464 quidem
261 1396 461 1449 benevolentiae
474 1397 575 1449 illorum
588 1398 686 1464 gratias
697 1413 783 1464 agere,
798 1393 959 1463 ceterum‚.si
974 1401 1043 1446 retro

138 1465 175 1517 ire
188 1475 287 1536 pergat,
301 1465 372 1518 haud
389 1466 470 1518 dubie
490 1483 598 1534 reguum
618 1467 737 1519 hostibus
755 1464 920 1517 traditurum.
958 1462 1044 1515 Fama

137 1535 208 1588 bella
220 1535 312 1604 stara*
321 1545 347 1587 et
360 1553 430 1604 eum,
441 1536 485 1605 qui
498 1537 612 1604 recedat,
623 1535 714 1602 fugere
724 1534 803 1587 credi.
833 1531 966 1585 Trahendi
979 1548 1044 1596 vero

137 1604 201 1659 belli
224 1607 270 1657 vix
293 1605 376 1658 ullam
400 1622 460 1657 esse
485 1606 621 1658 rationem.
657 1604 849 1658 Tantaeenim
870 1601 1042 1670 multitudini,

137 1675 229 1743 utique
247 1692 310 1728 cum
329 1675 385 1744 jam
397 1674 485 1728 hiems
505 1676 619 1743 instaret,
635 1675 660 1728 in
675 1677 778 1735 regione
792 1684 872 1741 vasta,
886 1682 913 1724 et
926 1671 1044 1726 invicem

136 1761 153 1797 a
176 1746 231 1798 suis
253 1755 335 1813 atque
359 1744 433 1798 hoste
458 1755 561 1814 vexata,
585 1762 635 1797 nou
650 1745 804 1798 ‘suffectura
827 1743 962 1795 alimenta.
998 1740 1044 1810 Ne

136 1813 219 1868 dividi
237 1815 346 1885 quidem
365 1816 455 1884 copias
474 1831 551 1884 posse
569 1824 672 1867 servato
693 1831 765 1868 more
777 1812 915 1882 majorum,
929 1811 972 1879 qui
985 1811 1043 1863 uni-

137 1900 228 1939 versas
253 1885 324 1939 vires
354 1884 499 1938 discrimini
532 1885 659 1938 bellorum
691 1900 797 1953 semper
821 1882 970 1937 obtulerint.
1006 1880 1043 1934 Et

137 1954 245 2008 hercule
265 1955 409 2008 terribilem
428 1969 508 2007 antea
529 1965 667 2023 regem,'et
685 1954 805 2008 absentia
824 1971 873 2006 sua
892 1953 926 2006 ad
945 1971 1043 2009 vanam

136 2023 262 2078 fiduciam
286 2026 393 2092 elatum,
413 2036 551 2095 postquam
574 2025 718 2077 adventare
743 2041 772 2076 se
795 2024 913 2092 senserit,
932 2031 1043 2078 cautum

136 2110 182 2172 pro
201 2096 337 2146 temerario
357 2093 463 2163 lactum,
483 2094 619 2147 delituisse
641 2096 707 2146 inter
726 2094 860 2161 angustias
881 2093 972 2146 saltus⁷
990 2094 1042 2147 ritu

135 2162 292 2230 ignobilium
315 2164 438 2230 serarum,
462 2180 531 2233 quae
556 2165 666 2233 strepitu
695 2162 919 2232 praetereuntium
943 2163 1041 2233 audito,
1101 2212 1103 2216 .

135 2232 262 2286 silvarum
285 2232 402 2301 'latebris
429 2250 458 2286 se
488 2233 660 2287 occuluerint.
694 2235 756 2287 lam
779 2233 858 2285 etiam
884 2231 1044 2286 valetudinis

135 2303 302 2356 simulatione
321 2302 447 2356 frustrari⁸
460 2321 521 2356 suos
540 2304 646 2357 milites.
682 2303 732 2357 Sed
753 2320 803 2356 non
821 2302 935 2371 amplius
953 2302 1043 2372 ipsum

164 2405 227 2452 ¹See
235 2406 337 2466 Zumpt,
351 2402 364 2456 b
376 2408 427 2455 756.

162 2464 235 2512 2Tne
246 2481 314 2514 earne
325 2481 351 2513 ns
362 2482 426 2513 neue.

162 2528 186 2552 ⁸⁴
196 2524 329 2573 Whatever
340 2525 417 2585 might
429 2526 459 2573 be
468 2524 586 2573 intrusted
598 2534 623 2571 to
634 2524 717 2573 them)
750 2523 796 2572 See
809 2523 907 2583 Zumpt,
920 2524 934 2574 l
945 2527 996 2574 740.

163 2582 351 2639 “Blameless‚'
367 2584 410 2635 ‘os
421 2585 535 2632 staiuless
546 2584 665 2632 conduct)
703 2583 733 2632 Ut
747 2592 809 2632 erat:
830 2599 866 2631 we
877 2583 953 2642 spealr
965 2584 989 2631 in
1000 2583 1041 2633 the

122 2655 202 2714 'same
214 2657 282 2702 way:
302 2649 308 2670 ⁴
319 2643 464 2711 honourable
475 2660 502 2691 as
512 2644 543 2692 he
555 2659 605 2691 was
613 2644 629 2700 ς’
644 2643 736 2699 thetis,
749 2643 876 2704 according
892 2653 916 2690 tc
932 2642 970 2691 his
985 2658 1042 2692 own

134 2700 454 2820 hoplluelgrilirllsdiliiritstiori
488 2760 533 2810 But
545 2777 583 2809 we
595 2778 639 2810 cun
649 2761 736 2820 supply
748 2777 778 2809 an
788 2761 925 2809 accusative
936 2760 964 2808 os
971 2760 1041 2811 those

136 2818 193 2866 who
204 2834 266 2867 were
279 2830 303 2867 tc
314 2835 407 2880 convey
418 2819 459 2867 the
468 2836 587 2882 message.
621 2821 673 2868 ‘He
685 2820 842 2868 commanded
854 2821 904 2868 that
917 2837 984 2868 some
995 2836 1041 2869 one

136 2878 224 2926 should
235 2879 277 2926 tell
288 2879 329 2926 the
342 2879 454 2927 Greeks!
488 2880 549 2928 This
560 2881 622 2928 t'orm
632 2881 660 2929 of
666 2881 805 2940 expression
816 2880 937 2930 occursio
947 2879 1042 2929 several

136 2953 252 2998 passages
262 2938 290 2986 cs
303 2938 411 2986 Curtius.
783 2963 786 2969 ·

164 2999 245 3045 “Ars
254 3013 298 3056 sup
316 2999 384 3046 orted
392 2999 432 3057 by,
440 3013 466 3046 or
475 2997 567 3058 depend
580 3014 651 3057 upon,
663 2998 725 3046 forne
734 2999 752 3051 ι’,
763 2998 826 3046 fame
838 2998 858 3046 is
869 2998 910 3046 the
921 2997 1041 3058 keystons

136 3056 165 3105 ct*
177 3072 246 3105 wnrs.
279 3013 485 3119 Tlrereforesomo
497 3058 516 3105 is
528 3074 541 3105 a
552 3058 633 3106 casual
645 3058 757 3106 ablativo.
790 3059 836 3106 See
851 3057 931 3106 Grom.
943 3057 957 3110 l
968 3061 1020 3126 291.

164 3116 290 3165 'Because
304 3116 442 3165 Alexander
449 3116 495 3165 had
505 3127 545 3165 not
555 3117 651 3165 crossed
662 3117 748 3165 Cilicia
757 3128 783 3165 to
792 3127 856 3165 meet
866 3117 906 3165 the
917 3117 1040 3174 Persians,

135 3176 179 3245 but
189 3191 241 3224 was
252 3176 351 3236 waiting
361 3175 397 3224 sor
407 3177 473 3224 thern
485 3176 508 3223 in
520 3193 534 3224 s
545 3192 645 3233 uarrow,
656 3177 839 3238 mountain-gin
850 3176 927 3236 place,
939 3193 966 3224 as
977 3175 1041 3225 Cur·

134 3234 459 3364 trips‘lplppaplpseapppplbdapp,
472 3295 517 3357 and
529 3294 638 3342 defeated
650 3295 691 3343 the
702 3294 792 3347 wishes
808 3293 836 3343 os
847 3295 885 3343 his
895 3294 997 3345 soldiers
1007 3295 1043 3356 by

136 3351 177 3401 the
187 3363 298 3412 pretence
309 3353 337 3402 of
348 3355 476 3403 stclrness.’
515 3353 628 3403 Valetado
640 3368 723 3402 means
736 3358 814 3403 ‘state
824 3353 853 3403 ol
864 3353 965 3411 houtth,’
978 3353 1043 3415 good

135 3427 163 3461 cr
171 3411 401 3470 bedbermormlo,
410 3413 699 3474 moreirequeutlywhen
708 3412 726 3460 it
734 3413 904 3471 standsaloue,
913 3412 1042 3464 thelatter.
