2274 3772
500 161 591 201 ursan
612 161 650 200 ry.
984 146 1021 200 53

122 271 171 326 hee
189 278 234 324 aut
253 270 312 322 illas
366 279 418 321 rtes
436 271 526 336 secuti,
543 285 612 321 nune
630 269 821 338 Spartanorum,
840 286 912 322 nunc
931 269 1022 322 Mace·

122 342 221 394 donum
234 341 317 410 praesi
340 339 371 391 iis
382 340 586 408 occupabantur.
623 338 674 391 Sed
687 339 784 390 leviora
797 339 864 390 inter
876 337 935 390 illos
947 338 1022 391 fuere

122 411 289 478 discrimina,¹
309 426 390 461 unum
409 420 551 476 certamen,
571 425 605 460 ex
624 425 675 477 quo
694 417 782 460 cetera
806 407 963 477 pendebant,
985 408 1021 460 iu-

122 487 213 533 tuente
231 479 343 531 fortuna.

156 555 180 601 7,
198 550 258 602 Jam
277 556 331 600 tcta
348 546 430 615 Syria,
448 545 503 614 jam
522 545 655 598 Phoenice
675 562 788 614 quoque,
809 556 922 614 excepta
941 547 1020 616 Tyro,

121 619 300 671 Macedonum
313 625 376 682 erat,
391 616 558 683 habebatque
571 631 616 666 rex
632 628 716 666 caetra
728 616 754 667 in
767 616 918 680 continenti,
932 633 948 666 a
959 616 1022 683 quo⁹

120 688 215 740 urbem
228 695 370 754 angustum
384 684 478 735 fretum
499 684 607 736 dirimit.
642 685 733 753 Tyros,
747 694 774 736 et
795 685 973 752 magnitudine
994 694 1021 737 et

121 757 239 809 claritate
251 766 313 807 ante
325 771 418 806 omnes
431 753 510 805 urbes
522 753 612 820 Syriae
623 754 820 822 Phoenicesque
834 754 1019 823 memorabilis,

120 825 226 878 facilius
249 825 403 876 societatem
429 822 571 873 Alexandri
595 831 734 890 accepturo
752 823 917 875 'ridebatust
939 840 1021 890 quam

111 895 272 963 imperium.
308 894 433 944 Coronam
455 893 530 957 igitur
542 908 649 943 auream
662 891 758 943 donum
772 891 852 959 legati
864 909 880 942 a
902 893 1019 959 erebant,

120 976 339 1030 commeatusque
362 962 431 1024 large
452 969 478 1011 et
500 958 663 1028 hospitaliter
683 974 716 1012 ex
736 961 830 1030 oppido
849 962 1020 1013 advexerant.

121 1033 169 1085 Ille
183 1033 258 1098 dona,
272 1043 298 1082 ut
312 1031 346 1081 ab
358 1029 459 1097 amicis,
473 1029 555 1096 accipi
572 1029 654 1098 jussit,
668 1028 834 1100 benigneque
848 1031 948 1098 legatos
958 1030 1022 1082 allo·

110 1110 207 1168 cutus,
229 1101 344 1165 Herculi,
365 1115 444 1167 quem
470 1099 609 1167 praecipue
632 1099 703 1166 Tyrii
728 1100 851 1167 colerent,
874 1100 1021 1151 sacrificare

121 1169 192 1222 velle
205 1187 233 1221 se
246 1169 326 1220 dixit:
345 1167 523 1219 Macedonum
538 1184 612 1234 reges
632 1167 748 1235 credere,
761 1168 795 1218 ab
815 1169 859 1221 illo
881 1168 931 1220 deo
952 1170 1022 1236 ipsos

143 1256 208 1304 erius
220 1238 324 1302 ducere,
336 1254 365 1288 se
379 1254 438 1291 vero
455 1247 479 1288 ut
502 1237 528 1288 id
548 1236 646 1288 laceret
667 1238 748 1288 etiam
768 1238 872 1289 oraculo
884 1239 1021 1290 monitum.

123 1256 212 1375 begali
233 1307 396 1375 respondent,
410 1323 469 1359 esse
488 1305 618 1373 templum
638 1305 757 1358 Herculis
777 1315 850 1358 extra
873 1307 973 1373 urbem,
995 1306 1023 1359 in

122 1395 156 1429 ea
167 1378 238 1443 sede,
249 1394 328 1445 quam
343 1376 496 1444 Palaetyron
511 1375 558 1444 ipsi
573 1384 665 1426 vocent
676 1377 693 1426 :⁴
707 1376 741 1427 ibi
756 1393 843 1443 regem
856 1376 906 1427 deo
919 1391 1022 1428 sacrum

121 1447 170 1498 rite
182 1446 322 1498 facturum.
347 1447 404 1497 Non
419 1446 501 1496 teriuit
514 1446 586 1510 iram,
597 1444 787 1513 cujosalioqui⁵
796 1455 888 1514 potens
897 1461 946 1497 non
956 1452 1021 1496 eret.

121 1516 221 1583 Itaque,
233 1532 278 1566 vos
286 1514 404 1582 quidem,
413 1515 504 1582 inquit,
515 1513 612 1567 fiducia
624 1512 681 1576 loci,
692 1515 759 1582 quorl
774 1514 888 1567 insulam
901 1515 1021 1582 incolitis,

120 1585 270 1654 pedestrem
289 1583 360 1634 hunc
378 1585 523 1634 exercitum
543 1582 679 1651 spernitis:
702 1584 747 1634 sed
761 1584 832 1636 brevi
845 1584 983 1637 ostendam
997 1583 1022 1635 in

120 1654 263 1706 continenti
278 1670 323 1703 vos
336 1669 402 1703 esse.
440 1651 552 1704 Proinde
571 1652 659 1705 sciatis
671 1651 739 1720 licet,
752 1661 798 1704 aut
811 1654 966 1709 intraturum
978 1668 1023 1704 me

120 1723 222 1790 urbem,
234 1731 280 1774 aut
292 1732 511 1790 oppugnaturum.
547 1721 614 1773 Cum
632 1720 680 1773 hoc
699 1738 822 1791 responso
834 1721 957 1773 dimissos
969 1737 1023 1772 mo·

110 1808 183 1844 vuere
195 1790 285 1842 amici⁰
296 1799 445 1859 coeperunt,
462 1798 488 1840 ut
502 1807 598 1856 rogem,
612 1806 693 1857 quem
705 1791 787 1858 Syria,
801 1807 880 1858 quem
891 1790 1023 1842 Phoenice

121 1861 270 1928 recepisset,
285 1859 332 1929 ipsi
346 1876 450 1928 quoque
464 1858 556 1910 urbem
569 1860 663 1910 'intrare
677 1867 834 1927 paterentur.
862 1862 896 1910 Ar
909 1857 953 1926 illi,
967 1858 1024 1909 loco
1102 1888 1107 1899 ι

120 1929 186 1983 eatis
198 1929 246 1996 fisi,
260 1927 422 1980 obsidionem
438 1927 504 1978 serre
516 1927 696 1979 decreverant.
705 1962 715 1991 χ

155 2003 179 2050 8.
199 1999 270 2050 Nam
290 2014 322 2048 ue
336 1997 427 2049 urbem
440 2015 456 2047 a
468 1996 610 2048 continenti
629 2006 739 2064 quatuor
757 1995 899 2049 stadiorum
920 1996 1026 2049 fretum⁷

120 2066 229 2119 dividit:
249 2015 348 2118 Alrico⁸
366 2067 483 2118 maxime
502 2064 644 2133 objectum,
658 2065 763 2118 crebros
779 2077 812 2118 ex
824 2066 877 2117 alto
889 2066 987 2118 fluctus
998 2065 1024 2117 in

120 2135 182 2188 litus
194 2135 299 2188 evolvit.
336 2136 394 2188 Nee
412 2133 564 2203 accipiendo
576 2135 674 2202 ,operi,⁹
691 2152 743 2203 quo
761 2135 926 2188 Macedones
942 2134 1026 2187 couti·

120 2203 605 2272 nenti,insulamiungerefparabant,
618 2205 761 2272 quicquam
780 2205 864 2271 magis
881 2221 961 2272 quarn
981 2203 1026 2255 ille

121 2282 215 2325 ventus
233 2273 362 2324 obstabat.
399 2273 503 2341 Quippe
521 2273 564 2325 vix
583 2273 634 2325 leni
654 2283 680 2325 et
699 2273 838 2340 tranquillo
856 2275 922 2325 mari
943 2272 1028 2325 moles

121 2343 185 2409 agi¹⁰
196 2351 310 2409 possunt,
321 2340 426 2393 Africus
436 2359 496 2393 vero
509 2345 593 2410 prima
600 2358 722 2410 quaeque
731 2350 856 2408 congesta
867 2341 944 2409 pulsu
959 2340 1028 2393 illisa

153 2437 269 2507 [Boules
284 2438 342 2485 with
354 2438 416 2506 their
426 2439 521 2508 varipus
538 2438 642 2494 results;
659 2437 696 2484 sor
706 2440 830 2486 discrimen
840 2438 861 2485 is
873 2450 914 2485 not
926 2454 940 2486 a
950 2437 1027 2486 battle

121 2496 787 2623 by⁹lgrldllnbhhibtildiolettsiiireelslsrhlhhgiiliriesllibmetimes
797 2553 919 2603 feminine.
945 2555 975 2603 In
986 2555 1027 2604 the

121 2615 210 2666 former
220 2630 274 2662 case
287 2630 323 2661 we
334 2614 422 2672 supply
432 2631 497 2674 ager,
510 2630 534 2661 1n
546 2614 586 2661 the
599 2614 669 2661 letter
680 2623 751 2662 terra.

133 2680 159 2781 h‘
170 2681 175 2701 ⁶
185 2673 287 2780 §epmed
294 2672 406 2732 disposed
413 2670 493 2720 rather
501 2685 525 2720 to
532 2683 614 2731 accept
623 2673 651 2721 of
658 2688 688 2720 an
697 2673 798 2720 alliance
807 2673 866 2761 with
876 2670 1025 2730 Alexander,

121 2746 132 2782 l
150 2750 208 2840 lulln
220 2749 262 2839 thee¹
272 2791 428 2845 continente
439 2790 485 2838 lew
498 2791 567 2844 miles
578 2790 650 2838 south
661 2791 723 2839 from
736 2792 776 2839 the
787 2793 836 2851 city
845 2807 876 2839 on
887 2791 928 2839 the
939 2791 1025 2840 island.

151 2860 159 2883 ⁸
171 2852 214 2898 ‘In
225 2851 294 2898 other
305 2851 508 2897 circumstances!
537 2850 584 2898 For
595 2850 636 2898 the
647 2849 775 2903 difference
786 2852 896 2898 between
905 2853 969 2898 aliar
979 2850 1027 2899 end

121 2912 157 2958 αἱ·
184 2908 469 2967 usseezrrmpetsste.

149 2975 161 3028 ⁸,
194 2968 225 3016 he
236 2968 339 3037 officere,
352 2967 518 3047 probably,‚oi
525 2967 565 3015 the
577 2967 658 3074 kinql’s
669 2967 732 3016 staff.
748 3036 749 3040 Ἰ

151 3032 159 3055 ’
172 3029 210 3074 ‘A
222 3038 289 3075 strart
300 3026 328 3074 of
339 3025 392 3074 four
402 3026 480 3074 stedia
500 3034 531 3081 (ιη
544 3026 625 3074 breedt
644 3033 660 3078 t.

150 3086 225 3134 'The
241 3086 388 3134 south-west
400 3085 478 3141 wind;
497 3085 539 3132 Gr.
553 3091 607 3146 Atp.
639 3085 694 3133 The
710 3085 781 3134 south
798 3087 863 3136 wind
878 3087 899 3135 is
915 3086 1006 3133 Auster
1012 3101 1024 3142 ,-

124 3145 165 3193 Gr.
178 3155 258 3197 Nlrorr
276 3144 317 3192 the
328 3144 464 3206 south-east
476 3145 540 3191 wind
556 3143 705 3201 Vulturnum
724 3145 766 3200 Gr.
780 3149 902 3210 Εὔρωπος.

150 3203 217 3251 ’For
228 3203 269 3251 the
280 3204 346 3271 strait
358 3205 523 3264 acciperemus
535 3203 555 3250 is
566 3203 654 3272 simply
665 3212 691 3251 to
705 3205 799 3252 receive
815 3203 856 3251 the
872 3201 936 3251 mole
952 3202 976 3249 in
991 3202 1023 3251 its

120 3261 725 3384 Pffhdlhffllllllllllhlllllllllnlh
734 3317 1024 3380 murmurosam-

121 3379 205 3431 Μ]
300 3387 301 3392 ’
618 3412 621 3416 -
