2274 3772
107 109 148 166 rt
375 124 416 164 nr
439 123 546 164 uraris
564 123 752 164 muniit.

108 249 224 303 qnoque,
242 231 277 285 ob
293 232 430 300 egregiam
446 233 474 285 in
491 234 589 301 partes¹
608 231 697 301 fidem,
715 242 744 285 et
766 234 922 303 pecuniam,
941 251 1026 305 quam

108 304 137 356 in
153 301 256 355 bellum
273 302 466 371 impenderant,
478 301 602 369 reddidit,
620 311 648 354 et
665 319 792 369 magnam
809 302 949 370 regionem
967 304 1027 357 hni-

110 372 161 425 bns
184 370 292 440 adjecit.
327 371 483 441 Cypriorum
507 387 614 440 qnoque
638 371 753 439 regibus,
772 371 820 440 qni
842 380 871 423 et
894 389 914 424 a

109 439 265 493 deiecerant
281 439 315 492 ad
327 441 423 511 ipsum,
436 450 463 493 et
474 440 636 510 oppugnanti
651 441 753 561 Tprum
764 440 893 493 miserant
905 441 1026 497 classem

110 526 157 580 pro
174 510 269 563 merito
286 509 370 562 honos
388 509 497 563 habitus
519 521 568 562 est.
604 512 676 578 Amp
695 520 784 562 uterus
801 509 909 579 deinde,
928 511 1027 565 classis

110 578 270 650 praefectus,
287 578 322 631 ad
339 578 505 632 liberandam
523 579 630 632 Cretam
649 579 748 631 missus
767 580 896 649 (namque
915 589 945 632 et
965 581 1026 635 Per-

111 665 201 701 sarum
218 659 245 702 et
262 647 449 717 Spartanorum
471 649 554 701 armis
574 647 702 718 pleraque
719 648 779 717 ejus
795 649 899 701 insulae
917 650 1025 704 obside·

111 717 227 788 bantur),
250 727 313 770 ante
335 718 426 771 omnia
449 734 524 770 mare
548 735 565 769 a
587 718 707 786 piraticis
729 717 862 770 elassibus
884 718 1024 791 vindicare

110 786 215 855 jussus:
234 787 333 857 quippe
349 787 504 841 obnoxium²
521 794 576 839 erat
594 786 778 855 praedonibus,
791 787 817 840 in
835 787 940 841 belluni
955 799 1024 843 utro·

112 872 166 925 que
181 873 244 925 rege
262 873 397 909 converso.
432 856 483 908 His
500 855 662 924 compositis,
680 856 790 909 Herculi
807 857 888 926 Tyrio
905 875 944 912 ex
961 875 1025 913 auro

111 932 244 978 crateram
260 943 323 979 cum
342 926 447 995 triginta
462 926 561 995 pateris
577 926 692 978 dicavit:
712 925 909 995 imminensque
928 929 1024 998 Duum,

114 993 150 1047 ad
161 995 315 1064 Euphraten
327 994 377 1048 iter
389 995 549 1064 pronuntiari
559 993 645 1063 jussit.

147 1067 189 1117 ³5.
202 1067 238 1143 At
250 1065 431 1143 Dareus'cum
442 1064 576 1134 Aegy'pto’
583 1063 730 1144 devertisse
743 1064 769 1116 in
780 1063 904 1144 Africani
917 1066 1024 1121 hostem

111 1133 795 1282 fitutffilltlitssulilpl.⁰lffdtft
811 1136 1025 1282 ..iuditii

110 1280 204 1327 auctor
225 1289 352 1376 prapsens
373 1271 477 1325 futurus
498 1271 600 1326 ultimis
626 1273 750 1340 gentibue
778 1290 890 1351 impigre
921 1273 1023 1377 bellum

111 1340 1023 1491 tunitiittutttuidtltlffttltdlltffl

110 1478 163 1532 bus
184 1479 276 1548 copiis,
295 1496 482 1548 quameunque
506 1481 562 1548 ipse
585 1479 679 1533 adissit
697 1495 839 1549 regionem,
895 1491 1022 1537 titururn:

112 1546 183 1601 haud
195 1548 310 1617 ignarus,
323 1565 404 1617 quain
416 1565 480 1601 cuni
498 1559 604 1603 strenuo
615 1566 659 1601 res
668 1560 748 1617 esset,
761 1548 852 1603 omnia
873 1552 1038 1632 ongiuqnn·'

111 1633 170 1670 rnrn
181 1617 301 1684 gentium
319 1617 420 1670 auxilia
439 1617 611 1688 Babyloniam
631 1618 749 1672 contrahi
767 1617 853 1688 jussit.
888 1619 1025 1675 Bactriani

111 1685 280 1756 Scythaeque
303 1694 331 1739 et
353 1687 412 1740 Indi
431 1697 623 1740 convenerant:
647 1690 722 1741 nem⁷
738 1698 765 1741 et
782 1695 937 1743 ceterarum
959 1708 1024 1759 gen·

111 1756 178 1810 tium
189 1755 283 1826 copiae
294 1755 414 1826 partibus
425 1756 505 1810 simul
516 1756 658 1810 affuerunt.
688 1758 821 1823 ceterum,
834 1773 898 1811 eum
909 1758 1024 1813 dimidio

110 1824 196 1878 ferme
213 1825 298 1895 major
314 1835 385 1879 esset
403 1826 543 1896 exercitus,
562 1843 643 1895 quam
660 1826 689 1879 in
705 1827 798 1881 Cilicia
814 1825 912 1897 fuerat,-
928 1828 1025 1883 multis

109 1910 186 1949 arina
202 1893 320 1965 deerant,
333 1912 402 1965 quae
420 1913 526 1949 sumina
537 1913 602 1949 cura
612 1897 840 1965 comparabantur.
877 1897 1025 1967 Equitibns

111 1965 241 2033 equisque
258 1974 415 2032 tegumenta
431 1974 506 2019 erant
523 1982 557 2018 ex
574 1964 668 2018 ferreis
691 1965 800 2020 leminis
816 1965 885 2018 serie
903 1967 977 2021 inter
993 1984 1023 2023 se

110 2033 238 2111 corrueris
247 2050 258 2110 τι
272 2035 333 2112 quis
350 2042 430 2087 antea
447 2043 551 2103 praeter
566 2033 655 2104 jacula
667 2034 732 2087 nihil
744 2035 861 2100 dederat,
875 2045 956 2091 scuta
967 2036 1023 2161 ῗι-

110 2101 202 2170 diique
214 2101 422 2172 adJioiebantur:
442 2119 623 2173 equorumque
635 2103 760 2157 domandi
773 2121 867 2173 greges
885 2105 972 2174 pediti
992 2123 1024 2161 ns

110 2169 243 2223 distributi
256 2179 323 2239 suut,
337 2180 366 2222 ut
378 2169 462 2240 major
477 2173 586 2240 pristino
604 2184 675 2225 esset
693 2174 842 2242 equitatusz
861 2173 1024 2279 ingensque,

110 2247 146 2300 ut,
158 2238 314 2309 orediberat,
335 2238 450 2293 hostium
471 2249 560 2307 terror,
572 2241 704 2295 ducentae
723 2243 838 2297 falcatae
855 2244 1013 2367 qpadrigaq

109 2308 219 2364 unicum
230 2309 336 2363 illarum
350 2311 472 2378 gentium
483 2309 619 2381 auxilium,
633 2323 742 2365 secutae
754 2322 824 2366 sunt.
884 2331 903 2366 x
914 2330 1023 2371 summo

109 2386 217 2433 temone
242 2379 336 2433 hastae
353 2380 487 2449 praefixae
505 2379 573 2433 ferro
590 2382 751 2451 eminebant,
771 2383 905 2451 utrimque
923 2400 941 2436 a
957 2384 969 2455 j

109 2457 198 2503 ternos
215 2448 346 2503 direxerat
365 2450 476 2520 gladios,
495 2450 563 2503 inter
582 2451 668 2504 radios
688 2460 803 2505 rotarum
822 2451 900 2521 plura
920 2455 979 2523 spio
1007 2469 1024 2507 a

139 2586 146 2609 ¹
158 2580 290 2631 ‘'l'owards
300 2582 339 2631 his
350 2582 531 2638 (Alexander’s)
542 2584 628 2643 party!
656 2583 685 2631 In
695 2583 766 2632 Latin
773 2584 816 2632 the
826 2587 970 2644 pronounis
981 2599 1023 2639 not

109 2639 171 2688 used
182 2640 253 2688 when
263 2640 305 2688 the
316 2641 417 2702 partyis
433 2641 485 2689 that
496 2641 524 2689 of
539 2643 580 2691 the
599 2642 693 2703 subject
710 2643 739 2691 os
753 2644 794 2692 tlie
811 2653 940 2704 sentence,
951 2662 982 2699 aa
997 2648 1023 2699 in

109 2698 159 2746 tliis
169 2713 225 2747 cese
236 2699 384 2748 Alexander.

138 2756 285 2816 '‘Exposed
296 2759 341 2815 to‚’
357 2758 444 2819 ‘given
455 2773 486 2817 up
497 2759 539 2807 to.’

138 2815 293 2902 :According
300 2825 327 2884 to
336 2816 397 2873 title,
404 2819 435 2886 ab
445 2817 561 2887 Aegypto.
592 2819 640 2888 See
652 2820 759 2890 (ἲν-αφ..)
770 2825 823 2878 307,
835 2824 859 2870 3.

139 2873 570 3001 ·luttttlltiltlll‘tttlt?
578 2879 802 2998 diffusilis
820 2949 861 2989 ..i
875 2956 904 2990 a
920 2958 937 2992 s
953 2960 1022 2996 mos

109 2991 229 3100 powerful
239 2991 353 3061 stimulus
364 3003 388 3041 to
399 2994 440 3063 the
450 3011 509 3056 very
520 3007 611 3045 remote
622 2997 706 3055 tribes,
719 3008 746 3048 to
755 2998 890 3049 underteke
901 3004 952 3053 and
962 3020 1021 3055 oon·

127 3060 168 3099 uet
178 3050 220 3099 the
231 3065 282 3099 war
293 3051 352 3099 with
363 3053 479 3115 activity!

137 3116 146 3141 ⁸
159 3109 212 3158 ‘To
229 3119 275 3178 set·
283 3109 307 3157 iri
318 3111 426 3180 motion?
457 3112 545 3163 Moliri
554 3130 610 3175 may
621 3116 651 3164 be
661 3115 757 3176 applied
767 3126 793 3165 to
803 3117 892 3169 almost
902 3136 955 3185 any
965 3124 1022 3175 teil.

109 3184 186 3225 some,
199 3167 321 3218 leborious
331 3169 405 3219 affair.

108 3285 121 3337 Ι
138 3227 195 3277 ’Το
204 3227 301 3288 explain
310 3228 352 3297 the
366 3229 435 3289 ‘fou’
447 3232 643 3315 athoughtmupt
654 3235 685 3284 be
693 3235 818 3296 supplied:
829 3238 893 3289 such
902 3254 944 3301 aa,
956 3242 1023 3295 ‘But

132 3285 194 3336 need
205 3296 246 3335 not
257 3296 365 3336 mention
376 3289 445 3339 these
456 3291 617 3354 particularly.
643 3340 647 3346 .

137 3350 146 3377 ⁸
157 3350 163 3374 ⁶
173 3345 398 3409 Scythe·cliariots.¹
