2274 3772
510 173 602 212 ursan
621 174 662 214 rr.
743 182 745 186 ¹
981 157 1038 216 1⁸8

130 284 203 339 Haec
215 281 338 353 cupidine
348 280 451 335 visendi
463 274 533 349 regis
544 298 656 334 accensa
667 283 765 336 finibus
777 283 849 351 regni
862 284 902 336 sui
915 284 1037 354 excessit,

130 362 238 405 etcum
260 352 329 405 haud
353 350 445 420 procul
468 351 581 419 abesset,
600 353 736 420 praemisit
759 354 915 422 indicantes,
934 353 1039 407 venisse

131 423 248 490 reginam
279 420 396 473 adeundi
422 420 481 489 ejus
506 421 737 490 cognoscendique
765 422 881 475 avidam.
918 422 1040 476 Protinus

131 491 202 543 lacta
221 501 350 560 potestate
369 489 500 558 veniendi,
521 489 618 542 ceteris
640 490 720 560 jussis
743 493 895 560 subsistere,
915 492 1040 546 trecentis

130 561 300 614 feminarum¹
321 560 446 613 comitata
466 561 602 628 processit.
638 563 727 628 Atque
751 573 780 614 ut
803 561 919 631 primum
942 579 989 615 rex
1012 561 1040 615 iu

130 641 272 700 conspectu
291 630 346 697 luit,
361 645 427 697 equo
446 628 504 696 ipsa
521 628 629 680 desiluit
645 628 712 682 duas
727 630 833 684 lanceas
845 632 955 684 dextera
967 647 1040 700 prae·

130 699 226 752 ferens.
264 699 352 751 Vestis
364 715 416 750 non
429 699 491 749 toto²
502 701 669 752 Amazonum
688 701 788 769 corpori
805 700 958 752 obducitur:
978 717 1040 755 narn

131 768 208 820 laeva
225 785 287 838 pars
303 767 337 820 ad
355 777 450 837 peetus
461 776 502 820 est
514 767 592 836 nuda,
607 776 696 820 cetera
708 769 804 821 deinde
817 769 945 822 velantur.
982 770 1041 824 Nee

131 846 220 890 tamen
233 838 307 889 sinus
318 836 408 904 vestis,
422 853 504 905 quem
516 837 583 889 nodo
596 837 730 908 colligunt,
744 838 811 891 infra
826 856 912 906 genua
930 839 1039 893 descen·

131 906 177 959 dit.
214 908 306 959 Altera
329 906 427 976 papilla
451 907 549 959 intacta
572 919 698 974 servatur,
723 925 776 977 qua
799 908 937 962 muliebris
960 926 1041 963 sexus

131 976 228 1029 liberos
247 977 325 1045 alant,
345 975 474 1028 aduriturt
490 975 606 1044 dextera,
627 985 655 1028 ut
673 993 751 1029 arcus
767 978 874 1030 facilius
893 979 1039 1049 intendant,

132 1055 160 1099 et
172 1045 225 1098 tela
237 1046 348 1098 vibrent.
384 1045 503 1097 Interrito
518 1047 592 1098 vultu
611 1062 700 1113 regern
718 1046 864 1099 Thalestris
883 1048 1039 1117 intuebatur,

132 1114 252 1168 habitum
266 1114 323 1184 ejus
338 1114 543 1183 haudquaquam
561 1131 649 1168 rerum
667 1115 756 1168 lamae
773 1133 864 1185 parem
883 1116 966 1169 oculis
984 1134 1041 1186 per-

132 1183 253 1237 lustrans.
290 1184 393 1253 Quippe
414 1184 537 1236 omnibus
557 1184 675 1238 barbaris
694 1187 720 1238 in
741 1203 877 1255 corporum
900 1186 1041 1255 majestate

131 1254 266 1306 veneratio
282 1256 342 1322 est,⁴
357 1270 565 1323 magnorumque
583 1270 693 1331 operum
711 1273 762 1308 non
780 1257 845 1307 alios
863 1273 977 1324 capaces
994 1272 1041 1325 pu·

133 1331 195 1391 tant,
216 1340 296 1392 quarn
316 1337 383 1392 quos
402 1324 501 1376 exirnia
521 1324 611 1393 specie
632 1324 730 1377 donare
752 1334 844 1378 natura
864 1325 970 1393 dignata
990 1333 1040 1379 est.

132 1392 255 1445 Ceterum
274 1394 444 1462 interrogata,
459 1410 522 1445 num
541 1393 652 1462 aliquid⁶
668 1405 758 1463 petere
774 1395 862 1465 vellet,
876 1394 947 1446 haud
966 1393 1041 1448 dubi-

131 1463 197 1514 tavit
210 1462 293 1531 fateri,
307 1462 341 1515 ad
354 1462 588 1515 communicandos
605 1480 667 1516 cunr
686 1481 748 1532 rege
767 1465 864 1517 liberos
876 1481 905 1516 se
918 1464 1039 1517 venisse:

132 1531 247 1600 dignam,
272 1549 307 1584 ex
329 1549 383 1600 qua
409 1533 465 1601 ipse
491 1533 565 1601 regni
590 1543 728 1601 generaret
751 1533 872 1587 heredes.
909 1533 1041 1587 Ferniuiui

132 1617 212 1654 sexus
229 1618 258 1653 se
276 1611 446 1671 retenturam,
465 1613 568 1654 marem
587 1603 747 1656 reddituram
768 1605 844 1674 patri.
880 1603 1040 1673 Alexander,
1110 1625 1114 1637 ¹

50 1706 53 1711 -
131 1686 165 1722 an
184 1686 245 1722 curn
263 1671 319 1740 ipso
337 1671 451 1723 militare
465 1672 553 1740 vellet,
567 1673 723 1740 interrogat:
743 1685 770 1725 et
787 1674 839 1742 illa,
856 1683 964 1726 causata
982 1673 1041 1727 siue

132 1740 242 1792 custode
254 1757 365 1808 regnum
378 1741 524 1810 reliquisse,
538 1749 629 1809 petere
645 1742 839 1812 perseverabat,
853 1760 886 1795 ne
899 1760 928 1794 se
941 1742 1040 1797 irritam

132 1809 199 1878 spei⁶
217 1809 292 1862 abire
310 1819 450 1879 peteretur.
486 1811 576 1863 Acrior
594 1811 628 1863 ad
649 1812 780 1865 Venerem
800 1812 917 1864 feminae
937 1812 1040 1881 cupido,

132 1895 214 1947 quarn
233 1879 308 1947 regis,
328 1889 357 1931 ut
374 1896 473 1947 paucos
489 1881 548 1931 dies
566 1880 728 1951 subsisteret,
746 1881 868 1950 perpulit.
904 1881 965 1933 Xlll
983 1880 1043 1932 dies

132 1949 158 2001 in
176 1948 344 2016 obsequium⁷
361 1949 484 2000 desiderii
503 1948 562 2018 ejus
579 1949 712 2019 absumpti
731 1959 800 2003 sunt.
837 1950 907 2002 Tum
924 1950 970 2001 illa
986 1966 1041 2018 reg·

132 2034 197 2070 num
209 2035 295 2087 suurn,
309 2034 355 2070 rex
367 2017 525 2071 Parthienen
537 2020 695 2087 petiverunt

168 2090 210 2138 20.
230 2086 279 2141 Hic
293 2104 354 2140 vero
372 2087 459 2157 pslaru
478 2087 644 2157 cupididates
662 2106 725 2141 suas
742 2088 827 2157 solvit,
840 2088 1040 2143 continentiam·

132 2173 185 2225 que
201 2165 227 2208 et
241 2156 457 2226 moderationem,
473 2158 500 2210 in
513 2158 643 2210 altissima
655 2174 761 2229 quaque
775 2159 888 2211 lorturra⁸
899 2157 1042 2211 eminentis

132 2225 209 2294 bona,
223 2226 249 2278 in
262 2226 414 2295 superbiam
432 2244 464 2279 ac
482 2227 619 2281 lasciviam
632 2230 719 2280 vertit.
755 2229 855 2282 Patrius
867 2245 953 2280 mores
964 2226 1041 2280 disci·

134 2294 232 2363 plinam
254 2312 287 2346 ue
305 2296 485 2349 Macedonum
499 2314 591 2365 regum
603 2298 742 2351 salubriter
753 2306 929 2367 temperatam
941 2306 967 2349 et
980 2296 1042 2350 ciri·

134 2365 187 2416 lem
211 2363 246 2416 ha
265 2364 343 2416 itum⁹
362 2366 434 2418 velut
454 2366 552 2419 leviora
573 2368 754 2435 magnitudine
777 2385 824 2419 sua
847 2368 956 2435 ducens,
981 2366 1041 2425 Per-

133 2483 161 2531 οἱ
167 2499 240 2543 many
252 2483 334 2531 Greelr
345 2484 486 2541 historians;
500 2485 608 2533 whereas
619 2484 660 2532 tbe
672 2484 750 2532 whole
761 2495 827 2544 story
839 2500 890 2531 wus
901 2482 1042 2532 considered

132 2545 169 2630 by¹
177 2544 221 2651 Ἢ]
229 2553 292 2590 most
301 2544 461 2612 trustprorthy
472 2543 628 2650 lqiipgruphersl
637 2544 665 2591 of
675 2544 815 2650 pleander
826 2542 995 2650 rrsllubululqs.h

132 2613 359 2710 reendofflllll
373 2615 653 2712 metaturae*
668 2612 677 2648 ¹
695 2617 744 2663 ⁰¹¹⁸
768 2604 870 2661 s⁶''‘²'²²⁸
883 2617 938 2650 ”⁹⁰¹¹
996 2617 1040 2651 ”⁰

160 2721 229 2769 2For
239 2724 283 2769 toti
290 2738 301 2778 ,·
319 2736 378 2769 rnre.
410 2722 456 2769 See
471 2722 549 2769 Gram.
563 2721 622 2778 t5e,
635 2731 691 2769 note
702 2724 724 2776 3,
738 2721 783 2769 and
796 2721 894 2779 Zumpt,
907 2720 981 2772 tltu.

161 2780 203 2828 ²1r
220 2781 240 2827 is
255 2780 356 2835 burned,
373 2782 398 2828 in
413 2781 484 2828 order
498 2792 523 2828 to
539 2781 616 2828 checlr
631 2782 672 2828 the
688 2781 776 2828 female
791 2781 902 2841 feelings,
921 2779 968 2828 and
983 2780 1042 2829 thus

132 2839 218 2887 render
228 2840 269 2886 the
281 2841 405 2887 Amazone
416 2851 509 2887 sterner
519 2841 636 2888 warriurs.

162 2904 171 2926 ⁴
181 2899 325 2958 Equivulent
338 2910 362 2946 to
373 2901 465 2946 barbari
473 2901 575 2960 corporis
585 2902 729 2960 majestatem
739 2908 889 2947 uenerantur.

162 2957 283 3017 ‘Usually
292 2976 348 3006 num
359 2961 422 3018 quid.
455 2959 501 3005 See
513 2959 592 3006 Grani.
604 2959 618 3010 l
628 2963 678 3015 122,
691 2963 713 3014 5,
726 2970 790 3007 note.

160 3022 169 3046 ⁸
182 3016 308 3064 ‘Withour
318 3017 358 3064 the
367 3016 493 3084 fullilrnenr
504 3017 531 3064 ol
536 3017 579 3085 her
587 3018 666 3124 hqpe!
685 3018 823 3099 Seel'Grqm.
833 3017 846 3069 l
855 3022 908 3087 277,
919 3021 942 3073 2,
952 3025 1008 3064 note
1019 3019 1040 3063 1.

161 3076 306 3124 '‘Devoted
320 3087 347 3148 l⁰
363 3075 609 3147 the'gratrficatrono
634 3078 677 3125 her
691 3076 777 3126 desire.
820 3077 965 3136 Equrrelent
978 3083 1040 3123 tout
1065 3138 1069 3144 ·

132 3137 293 3242 obqeqqppgppqr
300 3153 358 3251 ,Ἥ
365 3138 549 3300 ἶῗέξνῦῗέὴεεῑ
560 3195 621 3243 ranlr
629 3196 645 3253 ;’
663 3194 715 3243 thst
725 3195 755 3252 is,
768 3194 809 3244 the
820 3195 906 3256 higher
916 3193 957 3241 the
968 3190 1038 3248 rank,

131 3253 174 3301 the
185 3268 259 3309 more,
302 3270 322 3302 c.
355 3254 401 3301 See
434 3254 598 3313 umpr‚l710.

161 3316 170 3341 ⁸
183 3312 262 3360 ‘civil
272 3313 392 3362 conduct)
425 3315 449 3360 A
460 3315 551 3362 labitur
562 3315 638 3362 avua
649 3313 670 3362 is
682 3313 722 3362 the
733 3313 865 3362 behsviour
875 3311 903 3360 ol
910 3327 925 3359 a
933 3312 1039 3383 sicisto-

132 3371 211 3485 ghides
222 3374 295 3486 ,ciues
313 3389 339 3422 as
355 3371 532 3434 distinguished
547 3372 608 3422 from
624 3374 676 3422 that
692 3372 746 3422 ola
760 3373 868 3443 dossinus
884 3381 910 3420 to
924 3386 1040 3436 muserprrr

209 3447 238 3480 Ι.
889 3448 892 3456 .
