2274 3772
469 212 563 252 ursan
583 213 622 252 vr.
948 197 1003 254 173

91 320 284 392 adoptabimur.
320 321 385 380 Quis
410 337 536 389 proavum
561 321 640 390 hujus
663 320 854 391 Alexandrum,
875 322 934 390 quis
957 321 1004 374 de·
1043 330 1048 337 “

92 391 153 444 iude
178 392 347 459 Archelaum,
372 394 433 460 quis
456 392 612 443 Perdiccam
642 392 746 442 occisos
775 391 845 443 ultus
873 391 932 443 estl
959 390 1003 444 hic

111 461 199 514 uidem
231 461 444 514 interfectoribus
472 463 553 528 patris
580 461 696 527 ignovit.¹
734 461 806 511 llaec
834 460 1004 528 Hegelochus

92 478 158 583 lixit
183 548 262 601 super
285 547 395 582 coenam
406 530 424 580 :²
453 540 479 581 et
503 540 605 598 postero
629 529 673 581 die
697 530 781 598 prima
805 529 864 581 luce
889 547 904 580 a
929 542 1003 599 patre

91 617 219 652 accersor.
256 600 348 652 Tristis
361 608 424 666 erat,
435 610 461 650 et
475 617 518 650 me
530 608 663 651 maestum
674 599 788 651 videbat.
825 599 1004 652 Audieramus

91 671 171 739 enim,
193 686 263 738 quae
287 669 492 720 sollicitudinem
517 668 672 720 incuterent.
711 669 802 737 ltaque
824 679 850 720 ut
871 669 1003 738 experire·

91 756 149 792 mur
167 740 302 795 utrumnel
321 739 381 790 vino
400 748 526 804 gravatus
545 738 684 790 effudisset
707 737 758 806 illa,
776 755 809 789 an
831 738 923 790 altiore
942 755 1003 791 oon-

91 819 169 878 cepta
187 808 305 877 consilio,
324 807 426 858 accersi
445 824 505 858 eum
526 807 634 875 placuit.
669 808 764 859 Venit:
784 806 931 876 eodemque
950 825 1003 860 ser-

92 896 170 930 mone
189 879 256 930 ultro
276 877 386 945 repetito
404 875 510 944 adjecit,
524 893 560 943 se,
581 877 638 928 sive
656 877 816 928 auderemus
833 876 917 928 duces
934 894 1002 947 esse,

91 948 226 1016 proximas
242 963 259 998 a
278 946 353 998 nobis
371 957 459 1014 partes
471 945 675 1013 vindicaturum,
690 945 747 998 sive
765 945 870 1007 deesset
888 947 1001 1016 animus,

91 1017 233 1068 consilium
257 1014 363 1068 silentio
384 1032 442 1066 esse
467 1024 607 1068 recturum.
646 1015 811 1078 Parmenioni
834 1015 893 1067 vivo
913 1016 1003 1068 adhuc

91 1086 176 1138 Dareo
189 1085 379 1154 intempestiva
397 1101 439 1136 res
452 1084 605 1136 videbatur:
625 1101 675 1136 non
695 1084 767 1136 euim
786 1085 845 1153 sibi,
860 1084 905 1136 sed
925 1084 1002 1154 hosti,

91 1172 151 1207 esse
170 1156 304 1206 occisuros
321 1153 519 1207 Alexandrum:
539 1155 623 1206 Dareo
643 1171 704 1204 vero
723 1153 833 1221 sublato,
853 1158 1002 1222 praemium

92 1225 162 1292 regis
182 1224 266 1276 occisi
287 1224 380 1276 Asiam
403 1233 429 1274 et
450 1231 534 1275 totum
555 1224 689 1276 Orientem
711 1222 923 1274 interlectoribus
943 1240 1003 1275 esse

91 1295 218 1346 cessura.⁴
253 1294 456 1363 Approbatoqne
469 1293 585 1361 consilio,
600 1293 625 1344 in
640 1291 707 1343 haec
720 1291 786 1344 fides
803 1299 830 1343 et
848 1292 910 1343 data
922 1301 963 1343 est
975 1302 1002 1345 et

91 1372 209 1432 accepta.
245 1361 322 1422 Quod
333 1362 368 1414 ad
382 1363 507 1415 Dimnum
521 1363 640 1431 pertinet,
655 1361 718 1413 nihil
737 1362 797 1426 scio,
812 1371 837 1413 et
856 1361 923 1413 haec
942 1378 1002 1414 cou-

92 1433 178 1484 fessus
201 1431 318 1500 intelligo
343 1449 393 1483 non
417 1433 541 1500 prodesse
566 1426 639 1500 mihi,
664 1431 733 1500 quod
759 1429 869 1499 proximi
895 1431 1003 1483 sceleris

91 1518 187 1571 expers
204 1518 272 1554 sum.
309 1500 351 1554 Illi
370 1518 458 1552 rursus
476 1502 614 1554 tormentis
632 1501 754 1567 admotis,
774 1518 835 1552 cum
855 1501 920 1569 ipsis
939 1517 1002 1569 quo·

89 1588 141 1640 que
154 1571 237 1624 hastis
249 1588 279 1624 os
290 1570 433 1639 oculosque
453 1569 512 1639 ejus
530 1571 722 1639 everberarent,
736 1587 898 1640 expressere,
913 1579 940 1622 ut
953 1570 1003 1622 hoc

90 1657 194 1710 quoque
207 1642 308 1692 crimen
321 1640 498 1696 confiteretur.
535 1640 711 1707 Exigentibus
722 1638 827 1708 deinde,
842 1649 870 1692 nt
883 1640 1003 1692 ordinem

90 1711 196 1778 cogitati
216 1709 326 1762 sceleris
342 1719 492 1777 exponeret,
505 1726 569 1761 oum
586 1710 632 1763 diu
650 1709 742 1761 Bactra
761 1719 893 1761 retentura
911 1725 1003 1776 regem

91 1781 249 1848 videremur,
270 1779 391 1831 timuisse
413 1778 553 1846 respondit,
574 1796 607 1829 ne
628 1789 702 1846 pater
722 1779 790 1830 LXX
811 1789 888 1829 natus
911 1793 1002 1846 anuos,

91 1849 156 1900 tanti
177 1848 310 1900 exercitus
333 1847 395 1916 dux,
417 1857 505 1899 tantae
526 1847 655 1916 pecuniae
675 1858 771 1916 custos,
793 1847 898 1898 interim
919 1847 1003 1898 estin·

90 1928 222 1986 gueretur,
246 1917 359 1986 ipsique,
385 1933 398 1967 s
432 1916 496 1967 liato
524 1917 603 1984 tantis
630 1915 739 1982 viribus,
764 1914 905 1967 occidendi
934 1915 1004 1982 regis

90 1989 181 2039 causa⁶
205 2003 255 2038 non
279 1995 358 2038 esset.
418 1985 546 2036 estinasse
570 2002 631 2052 ergo
655 2002 691 2054 se,
716 1983 781 2037 dum
804 1984 952 2053 praemium
977 1985 1003 2037 in

90 2055 225 2109 manibus
240 2055 357 2123 haberet,
382 2054 590 2123 repraesentare⁶
618 2053 765 2122 consilium,
795 2052 872 2122 cujus
899 2062 1002 2122 patrem

91 2133 228 2194 expertem
251 2123 333 2176 luisse
357 2123 405 2175 nisi
429 2125 573 2193 crederent,
599 2132 736 2192 tormenta,
761 2140 924 2191 quamquam
947 2121 1002 2191 jam

92 2194 202 2245 tolerare
221 2209 271 2244 non
291 2202 386 2261 posset,
401 2202 552 2245 tamennon
573 2210 703 2245 recusare.
740 2193 781 2245 llli
799 2191 921 2245 collocuti
939 2193 1003 2244 satis

91 2262 242 2331 quaesitum
256 2262 349 2331 videri,
362 2278 394 2313 ae
408 2279 497 2329 regem
512 2273 684 2315 revertuntur.

126 2337 168 2384 44.
187 2331 238 2388 Qui
251 2341 354 2410 postero
366 2331 410 2383 die
422 2340 449 2383 et
461 2349 530 2400 qnae
543 2331 680 2384 confessus
693 2341 747 2383 erat
761 2331 879 2385 Philotas
891 2330 1001 2399 recitari,

92 2408 121 2453 et
144 2401 239 2469 ipsum,
259 2417 322 2469 quia
346 2400 447 2469 ingredi
471 2417 522 2452 nou
546 2410 654 2470 poterat,
674 2401 752 2470 jussit
775 2400 872 2454 afferri.
908 2399 1004 2452 Omnia

92 2478 252 2538 agnoscente
265 2486 304 2538 eo,
319 2468 478 2539 Demetrius,
491 2470 535 2538 qui
549 2469 661 2539 proximi
680 2465 791 2522 sceleris'
799 2469 931 2538 particeps
943 2484 1003 2520 esse

92 2539 259 2607 arguebatur,
279 2537 438 2606 producitur.
474 2539 562 2591 Multa
584 2539 760 2590 affirmatione
780 2538 915 2606 animique
936 2538 1003 2606 pari-

93 2615 133 2661 ter
153 2609 299 2660 constantia
318 2616 345 2659 et
365 2608 455 2660 vultus
473 2609 602 2675 abnuens,
624 2608 768 2677 quicquam
791 2608 842 2660 sibi
867 2607 892 2658 in
912 2624 1003 2674 regem
1047 2652 1051 2659 .

93 2679 239 2746 cogitatum
258 2693 325 2744 esse,
339 2687 469 2730 tormenta
488 2678 568 2730 etiam
586 2676 749 2748 deposcebat
767 2679 792 2729 in
811 2677 1001 2746 semetipsum:

95 2765 157 2800 cum
171 2747 295 2813 Philotas,
309 2745 472 2799 circumlatis
484 2747 576 2814 oculis,
591 2762 618 2800 ut
637 2745 754 2799 incidere
772 2747 799 2798 in
818 2746 891 2799 Calin
910 2763 1003 2815 quem·

92 2817 155 2870 dam
169 2816 239 2868 haud
253 2815 343 2884 procul
356 2825 478 2886 stantem,
487 2818 595 2885 propius
607 2833 669 2869 eum
681 2816 760 2886 jussit
772 2815 920 2868 accederes
954 2815 1002 2869 Illo

122 2937 203 2984 ¹This
218 2952 262 2984 can
278 2936 339 2985 reser
354 2937 411 2997 only
427 2947 453 2984 to
469 2937 520 2985 that
537 2937 616 2985 which
632 2938 653 2984 is
668 2937 760 2986 related
776 2938 824 2993 (vii.
838 2942 860 2992 l)
875 2938 1003 3000 regardiug

93 2995 265 3123 Ale‘xlllrdrierlgL
277 3005 441 3122 ,ss‡‡}?⁸'32,
454 3049 551 3114 Zumpt,
565 3056 640 3107 5320.

121 3114 187 3162 ³See
200 3130 231 3161 rn.
245 3118 272 3162 17
283 3129 289 3170 ;
307 3129 338 3161 ιν.
350 3118 394 3170 35;
414 3114 494 3161 Gram.
507 3115 520 3166 i
533 3118 585 3170 197,
601 3120 636 3170 10,
650 3125 706 3163 note
719 3118 745 3172 13
763 3114 809 3163 and
820 3119 872 3171 353,
886 3124 941 3162 note
952 3117 975 3162 4.

122 3172 163 3220 ‘lt
180 3173 257 3233 might
273 3172 325 3221 also
340 3172 401 3220 have
418 3175 479 3220 been
495 3191 622 3230 cessurum,
640 3173 755 3234 referring
769 3183 795 3222 to
815 3173 942 3229 Orientem,
960 3172 1002 3221 the

92 3242 186 3279 nearest
199 3233 301 3292 subject.
333 3232 380 3279 See
394 3232 474 3280 Graiu.
486 3233 499 3284 i
511 3236 563 3288 239,
576 3235 597 3288 l,
611 3247 675 3281 nore.

122 3291 286 3350 ¹Eonivalent
303 3300 329 3338 to
346 3293 416 3361 ratio,
435 3296 464 3339 ‘a
480 3291 636 3353 possibility,’
657 3298 686 3341 ‘a
701 3292 799 3341 definita
815 3307 842 3339 or
857 3290 1002 3350 practicablo

78 3446 80 3450 .
91 3348 495 3468 pllq’ll'lllgallrpllrcrlorggaoc'lltion.'

120 3471 128 3493 ¹
139 3466 194 3516 The
205 3467 407 3526 constructionis,
417 3467 552 3518 Demetrias
560 3471 691 3532 deposcebat
698 3476 830 3530 tormenta,
837 3481 895 3515 aaut
900 3465 1021 3512 Pusam
