2274 3772
110 89 165 145 120
373 101 412 140 oe
436 101 542 139 nesrrs
565 100 749 140 transtrum.

109 212 271 266 infestiorem
289 209 381 262 urbem
399 208 508 261 Graecis
526 225 594 278 esse,
607 225 688 277 quam
702 209 800 276 regiam
812 218 933 261 veterum
956 206 1019 261 Per·

109 281 173 335 sidis
201 296 301 348 regum.
348 277 415 331 Hinc
444 277 489 342 illa
517 276 650 330 immensa
675 278 782 345 agmina
811 275 925 333 infusa:¹
953 275 1020 330 hinc

109 353 223 403 Dareum
241 349 320 417 prius,
339 347 401 400 dein
417 347 532 399 Xerxem
552 347 673 415 Europae
692 347 802 416 impium
821 344 941 398 intulisse
960 345 1019 399 bel-

109 420 173 472 lum.
210 417 320 470 Excidio
332 415 402 468 illius
418 415 621 484 parentandum²
632 432 692 467 esse
710 414 862 484 majoribus.
899 416 960 469 Jam
983 432 1019 468 ue

109 487 219 556 barbari,
238 486 342 538 deserto
359 478 462 555 oppioQ,
480 502 532 553 qua
550 501 684 553 quemque
701 494 790 537 metus
812 484 916 553 agebat,
935 484 964 536 d'
988 502 1018 539 u-

110 565 215 625 gerant:
235 572 296 608 cum
309 571 355 607 rex
366 553 526 624 phalangem
539 553 603 606 nibil
617 553 876 606 cunctatus'inducit.
913 554 1020 608 Multas

110 626 196 693 urbes,
210 624 320 676 refertas
337 622 470 693 opulentia
488 624 567 691 regia,
581 624 674 701 partim
694 631 897 692 expugnaverat,
912 632 1019 693 partem

111 696 137 747 in
150 695 230 747 fidem
242 701 389 762 acceperat,
403 691 449 744 sed
462 690 534 744 urbis
544 691 623 760 hujus
641 691 748 744 divitiae
761 693 848 745 vicere
865 693 1017 761 praeterita.

111 766 145 818 ln·
165 763 231 815 hano
255 763 332 814 totius
355 760 469 813 Persidis
487 776 551 828 opes
571 753 757 828 oringesserant
780 761 896 814 barbari:
920 778 1018 816 aurum

112 841 302 902 argentumque
314 829 478 883 cumulatum
489 838 552 897 crat,
566 830 657 882 vestis³
669 830 762 900 ingens
779 829 881 900 modus,
895 831 1020 900 supellex

113 919 162 955 non
181 901 214 953 ad
233 917 319 969 usum,
338 899 385 952 sed
403 898 436 951 ad
455 899 656 965 ostentationem
674 900 752 964 turus
769 907 929 968 comparata.
966 901 1019 954 Ita·

113 988 165 1041 que
184 971 251 1022 inter
270 969 340 1038 ipsos
356 969 470 1021 victores
488 966 557 1020 ferro
577 960 766 1035 dimicabatur:
791 984 835 1037 pro
856 969 932 1022 hoste
951 978 1017 1039 erat,

114 1040 158 1109 qui
171 1037 350 1107 pretiosiorem
363 1045 537 1106 occupaverat
554 1036 695 1106 praedam:
714 1046 740 1091 et
758 1054 821 1091 cum
838 1039 936 1107 omnia,
948 1055 1019 1109 quae
1059 1092 1063 1100 ,

115 1106 293 1177 recipiebant,⁴
304 1123 399 1177 capere
417 1122 468 1158 non
486 1113 599 1176 possent,
611 1105 667 1176 jam
685 1122 726 1158 res
743 1123 795 1159 non
810 1107 1017 1177 ‘occupabantuq

115 1177 161 1230 sed
173 1175 388 1229 aestimabantur.
422 1173 585 1227 Lacerabant
603 1175 689 1242 regias
701 1183 796 1243 vestes,
809 1175 843 1228 ad
856 1192 885 1228 se
922 1177 1018 1246 uisque

115 1255 216 1316 partem
238 1246 384 1298 trahentes:
405 1243 520 1296 dolabris
539 1244 668 1313 pretiosas
688 1243 750 1296 artis
769 1261 834 1296 vasa
852 1193 1017 1300 caedebant:

115 1315 180 1370 nihil
200 1330 287 1384 neque
307 1314 434 1366 intactum
458 1320 520 1382 erat,
541 1329 628 1382 neque
648 1313 779 1380 integrum
797 1310 949 1383 serebatur,
972 1314 1018 1369 ab·

117 1395 192 1454 rupta
209 1383 405 1436 simulacrorum
423 1381 551 1451 membra,
565 1391 593 1434 ut
611 1381 723 1450 quisque
740 1381 874 1451 avelleret,
887 1382 1018 1438 trahebat.

116 1455 211 1522 Neque
233 1450 344 1503 avaritia
360 1450 452 1520 solum,
474 1449 521 1502 sed
541 1450 624 1505 etiam
642 1449 789 1520 crudelitas,
811 1450 837 1503 in
856 1460 934 1521 capta
953 1452 1020 1507 urbe

116 1530 232 1591 grassata
252 1528 308 1572 est:
328 1535 390 1573 auro
412 1527 572 1588 argentoque
591 1519 677 1572 onusti
696 1519 759 1572 vilia
779 1519 944 1589 captivorum
963 1538 1020 1575 cor·

116 1608 179 1661 pora
198 1587 370 1659 trucidabant,
424 1588 552 1656 ssimque⁶
570 1587 639 1641 obvii
660 1587 844 1659 caedebantur,
865 1605 932 1658 quos
954 1599 1019 1649 aute

117 1659 229 1730 pretium
242 1657 282 1710 sui
293 1657 389 1710 misera
409 1656 458 1710 iles
469 1657 587 1710 lecerat.⁸
621 1657 699 1710 Multi
712 1673 772 1726 ergo
789 1657 905 1711 hostium
923 1675 1021 1713 manus

117 1727 260 1781 voluntaria
276 1733 360 1779 morte
378 1733 580 1795 occupavemnt,
597 1725 786 1796 pretiosissima
802 1727 916 1780 vestium
935 1727 1021 1783 induti

117 1816 133 1850 e
151 1797 235 1851 muris
253 1795 348 1849 semeti
367 1811 410 1848 sos
428 1812 491 1848 curn
510 1794 664 1865 conjugibus
682 1811 714 1848 ac
732 1795 822 1849 liberis
844 1795 871 1850 in
890 1812 1022 1868 praeceps

117 1867 253 1938 jacientes.
287 1864 339 1924 Qui
358 1882 403 1918 am
421 1864 504 1934 ignes,
523 1864 594 1934 qnod
616 1862 693 1934 paulo
715 1873 774 1933 post
796 1864 913 1919 secturus
936 1864 1021 1921 hostis

118 1936 262 2005 videbatur,
275 1933 441 2005 subjecerant
452 1933 570 2004 aedibus,
583 1941 613 1987 nt
624 1950 686 1986 cum
698 1933 754 1986 suis
764 1933 819 1987 vivi
830 1943 1019 1989 cremarentur.

118 2005 238 2057 Tandem
258 2005 322 2056 suis⁷
340 2020 386 2057 rex
405 2003 555 2073 corporibus
574 2011 601 2056 et
619 2002 691 2057 cultu
710 2002 867 2056 seminarum
885 2002 1021 2058 abstinere

117 2075 202 2144 jussit.
236 2073 335 2140 Ingens
354 2089 387 2125 ce
405 2072 473 2124 tivae
492 2073 620 2141 pecuniae
639 2071 734 2125 modus
754 2071 869 2141 traditur,
888 2089 970 2152 prope
989 2082 1021 2128 ut

119 2142 201 2195 fidem
220 2139 339 2193 excedat.
396 2148 497 2193 eterum
515 2149 561 2192 aut
580 2139 614 2192 de
630 2141 690 2193 aliis
703 2157 807 2211 quoque
826 2141 1019 2213 dubitabimus,

120 2220 165 2263 aut
188 2208 334 2278 credemus,
354 2207 381 2261 iu
403 2208 483 2279 hujus
500 2208 573 2261 urbis
591 2210 668 2279 gaza⁸
687 2209 771 2263 fuisse
789 2211 810 2264 C
830 2219 857 2263 et
876 2210 924 2264 XX
942 2210 1021 2265 milia

120 2281 261 2333 talentum:
281 2277 401 2347 adquae
420 2277 541 2330 vehenda
560 2278 686 2348 (namque
706 2279 740 2332 ad
760 2295 824 2333 usus
841 2278 904 2333 belli
924 2296 1021 2335 secum

120 2358 221 2420 portare
235 2346 399 2419 decreverat)
415 2346 534 2418 jumenta
551 2354 578 2399 et
594 2347 709 2401 camelos
719 2365 737 2401 a
748 2347 820 2402 Susis
837 2356 863 2401 et
881 2347 1020 2419 Babylone

149 2473 156 2497 ¹
168 2466 258 2527 Supply
266 2467 292 2514 in
303 2465 429 2514 &aarum
457 2465 593 2513 Otherwise
600 2480 637 2512 we
645 2465 732 2513 should
739 2465 799 2513 have
808 2465 923 2524 expected
935 2439 1020 2527 finni

147 2526 228 2574 'This
236 2527 293 2573 verb
302 2525 322 2573 is
331 2525 390 2574 used
398 2534 423 2572 to
431 2523 750 2583 expresssecrilicesoffered
757 2533 818 2584 toap
849 2524 1018 2575 esethedeed.

148 2590 157 2613 ³
167 2585 221 2633 The
232 2584 337 2644 singular
347 2598 472 2643 expresses
483 2583 557 2638 eloth,
567 2598 661 2640 woven,
670 2584 713 2630 but
724 2593 812 2651 notnma
828 2598 841 2630 e
852 2582 903 2631 into
912 2584 1018 2643 particu-

120 2641 1017 2769 laiiffiidhstheiyiiihiisairiiiohuriiiihrgtitiihliihielielsi’chiiieiipmiswit.

120 2760 164 2819 trly
179 2760 314 2840 contrasted
328 2759 488 2820 wrthcupere,
505 2759 584 2807 which
599 2759 655 2808 here
671 2774 754 2808 means
771 2764 812 2808 ‘to
826 2759 892 2814 take,
904 2774 932 2808 so
947 2775 975 2808 ae
990 2768 1018 2810 to

121 2816 306 2956 neeffleta&
316 2875 406 2933 there3’
423 2874 474 2923 that
489 2875 519 2932 is,
531 2886 555 2925 et
570 2875 684 2924 intervals
699 2877 853 2936 everywhere
869 2876 1017 2938 throughout

119 2946 160 3023 mi
169 2945 282 3061 ιοιῖξξῗὶίοιιι,
294 2992 383 3049 before,
395 2992 457 3060 their¹
466 2992 536 3041 velue
546 2992 594 3041 had
604 2993 673 3042 mede
683 2993 811 3054 worthyos
816 2994 884 3054 pity.’
914 2993 1017 3044 ‘Before

120 3052 180 3108 (that
199 3067 227 3107 rs,
242 3051 322 3099 before
339 3051 380 3099 the
396 3051 495 3099 soldiers
513 3053 611 3100 became
626 3052 754 3111 possessed
766 3053 794 3101 os
805 3055 898 3103 articles
908 3051 937 3100 of
948 3067 1017 3102 more

120 3111 206 3167 velue),
219 3124 274 3159 men
289 3110 336 3158 hed
350 3111 412 3159 been
426 3110 564 3159 considered
575 3111 653 3158 worth
667 3111 812 3172 something,
824 3112 870 3161 and
881 3111 929 3160 this
943 3111 1017 3161 velue

120 3170 167 3218 had
176 3169 245 3219 mede
256 3168 322 3218 them
332 3170 362 3217 be
372 3168 458 3236 pitied‚¹
466 3169 513 3217 and
522 3169 695 3229 consequeutly
701 3171 807 3276 ἕρκεά)

149 3234 156 3256 ’
166 3230 191 3277 Α
202 3244 260 3290 very
270 3243 322 3276 rare
332 3227 537 3295 construetionfor
547 3245 609 3277 soor.
641 3229 687 3296 See
724 3246 780 3277 ram.
792 3229 806 3280 l
816 3232 869 3286 375,
881 3238 937 3278 note
947 3233 969 3278 2.

148 3293 156 3317 ⁸
170 3288 238 3336 ‘The
248 3286 528 3342 state-tremore,’whrch
536 3301 587 3334 was
598 3287 686 3345 keptrn
695 3287 838 3348 Persepolis.
869 3286 1015 3351 Tbiuigui·

119 3345 215 3396 fication
224 3346 252 3398 of
259 3363 321 3411 gazo
331 3360 369 3396 we
379 3345 439 3394 have
450 3344 546 3406 already
556 3360 624 3402 seen,
635 3345 667 3394 iii.
679 3348 715 3395 33.
