2274 3772
496 167 588 220 uranu
607 168 651 208 ιιι.
987 150 1038 207 ³5-

118 275 146 325 et
157 272 245 326 Liberi
258 275 339 342 patris
351 276 484 344 terminos,
498 293 547 328 non
568 276 655 330 Persis
671 274 758 344 mede,
777 274 826 328 sed
844 275 926 329 etiam
943 274 1026 328 omui·

118 340 169 394 bus
192 345 317 410 gentibus
340 344 509 414 imposituros
536 345 643 415 jugum:
672 343 853 398 Macedonum
879 344 1027 414 provincias

120 410 212 465 Rectra
224 422 251 464 et
266 414 344 466 indes
359 412 422 466 fore.
458 415 573 468 Minima
591 432 658 483 esse,
672 431 741 484 quae
759 430 829 466 nune
846 413 1011 466 intuerentur
1017 429 1026 481 ς

118 481 166 534 sed
189 483 278 534 omnia
302 483 410 535 victoria
429 484 533 552 aperiri.
569 485 628 537 Non
651 485 676 536 in
699 483 846 553 praeruptis
864 483 946 552 petris
965 482 1026 552 llly-

119 551 215 623 riorum
229 561 254 603 et
267 552 397 604 Thraciae
415 553 487 606 saxis
504 553 621 607 sterilem
640 553 758 606 laborem
776 551 840 622 fore,
853 550 936 620 spolia
948 553 1028 604 totius
1081 556 1085 564 '

117 621 231 674 Orientis
247 620 344 673 offerri.
380 621 432 674 Vix
448 618 540 690 gladio
553 623 670 677 futurum
687 638 761 691 epus,
776 631 857 678 totam
874 620 960 674 aciem
979 636 1027 673 suo

151 706 213 742 vore
237 690 409 744 fluctuantem
433 691 602 744 umbonibus¹
626 708 702 761 pesse
724 690 846 760 propelli.
881 691 970 743 Victor
991 688 1027 742 ad

135 775 185 811 aec
197 759 403 812 Atheniensium
421 759 558 829 Philippus
575 770 649 829 pater
667 760 844 826 invocabatur,
857 759 1027 828 domitaeque

117 845 201 896 nuper
212 828 337 880 Boeotiae
349 838 376 881 et
388 829 460 881 urbis
477 829 502 880 in
523 847 556 882 ea
574 828 756 882 nobilissimae
773 829 807 881 ad
821 828 905 881 selum
924 828 1027 881 dirutae

117 897 223 966 species
247 897 490 966 repraesentabatur
512 900 617 951 animis.
660 899 720 951 Jam
743 898 885 951 Granicum
909 914 1026 967 amnem,

116 965 173 1035 jam
186 976 222 1019 tot
235 965 320 1030 urbes,
333 976 379 1019 aut
397 978 567 1036 expugnatas,
580 978 625 1020 aut
644 969 669 1019 in
688 967 771 1020 fidem
781 978 913 1036 acceptas,
927 965 1027 1019 omnia-

118 1053 179 1103 que,
204 1053 273 1103 quae
297 1046 354 1104 pest
379 1044 481 1104 tergum
507 1046 587 1098 erant,
613 1046 700 1104 strata,
724 1046 751 1089 et
774 1036 889 1106 pedibus
911 1033 1027 1106 ipserum

118 1104 239 1173 subjecta
259 1105 431 1158 memorabat.
466 1106 534 1158 Cum
553 1107 654 1159 adierat
671 1107 793 1174 Graecos,
810 1105 976 1174 admouebat,
992 1104 1027 1157 ab

119 1172 162 1226 his
179 1174 301 1240 gentibus
319 1174 392 1226 illata
410 1171 537 1228 Graeciae
556 1175 627 1228 bella
639 1175 717 1228 Darei
730 1175 809 1244 prius,
822 1174 920 1226 deinde
932 1175 1028 1229 Xerxis

120 1243 264 1310 insolentia,
278 1260 375 1312 aquarn
388 1245 460 1314 ipsos
472 1254 621 1314 terramque
634 1244 807 1324 poscentium,
820 1253 849 1295 ut
867 1260 954 1312 neque
972 1244 1027 1297 fen-

119 1313 185 1364 tium
198 1311 330 1382 haustum,
344 1330 394 1366 nec
406 1313 495 1366 solitos
506 1314 580 1367 cibes
599 1313 775 1383 relinquerent
791 1311 896 1366 deditis.
932 1313 974 1366 Ab
987 1312 1029 1365 his

119 1381 311 1450 templa.ruinis
323 1392 349 1434 et
362 1382 467 1452 ignibus
479 1401 538 1436 esse
550 1383 646 1446 deleta,
659 1382 739 1435 urbes
751 1399 842 1435 eorum
855 1392 1025 1451 expugnatas,

118 1449 225 1516 foedera
248 1451 329 1504 divini
353 1451 516 1522 humanique
534 1451 599 1522 juris
622 1452 727 1521 violata,
749 1451 890 1507 referebat.
926 1451 1029 1520 Illyrios

118 1535 180 1572 vere
189 1531 215 1572 et
224 1519 349 1590 Thracas,
358 1532 430 1591 rapte
439 1523 664 1590 vivereassuetos,
674 1521 762 1574 aciem
771 1521 959 1574 hostiumauro
968 1537 1027 1589 pur·

118 1606 235 1658 puraque
247 1589 393 1657 fulgentem
407 1592 500 1644 intueri
512 1591 629 1661 jubebat,
639 1589 773 1671 praedam,
782 1607 833 1643 uon
841 1608 915 1643 arma
922 1600 1027 1658 gestan-

118 1669 182 1711 tem.
230 1660 311 1713 lrent²
334 1668 361 1712 et
385 1660 538 1713 imbellibus
562 1661 667 1714 feminis
689 1677 784 1713 aurum
807 1661 857 1712 viri
884 1661 1025 1729 eriperent.

118 1731 220 1797 Aspera
232 1729 362 1782 montium
381 1747 487 1782 suerum
504 1730 574 1799 juga,
589 1727 726 1798 nudasque
743 1729 846 1798 calles,³
857 1737 883 1781 et
900 1738 1028 1798 perpetuo

119 1799 234 1865 rigentes
245 1799 315 1865 gelu,
328 1799 437 1852 ditibtrs⁴
450 1800 587 1852 Persarum
599 1800 702 1868 campis
712 1799 834 1867 agrisque
847 1806 987 1850 mutarent.

154 1873 194 1918 26.
214 1869 273 1921 Jam
286 1867 321 1920 ad
334 1868 379 1920 teli
390 1868 491 1939 jactum
504 1871 683 1937 pervenerant,
697 1884 758 1920 cum
770 1868 909 1920 Persarum
923 1867 1028 1934 equites

118 1935 240 1989 ferociter
265 1939 291 1989 in
315 1938 423 1990 laevum
446 1955 525 1991 cornu
550 1937 791 1991 hostiuminvecti
822 1944 896 1988 suut:
927 1936 1026 2058 inppe

119 2007 220 2058 Dareus
231 2008 346 2075 equestri
360 2006 457 2076 proelio
470 2007 613 2060 decernere
631 2005 744 2076 optabat,
757 2005 915 2074 phalangem
960 2021 1026 2071 ,ace-

117 2075 204 2128 donici
219 2077 351 2129 exereitus
369 2077 447 2129 robur
458 2093 517 2128 esse
535 2075 695 2144 conjectans.
730 2075 845 2197 Jamque
864 2073 945 2128 etiam
963 2075 1027 2128 dex·

119 2155 193 2198 trum:
217 2146 360 2198 Alexandri
389 2163 467 2198 cornu
498 2145 694 2198 circumibatur.
730 2145 787 2204 Quo
836 2144 881 2198 ubi
910 2143 1027 2197 Macedo

118 2215 261 2282 conspexit,
274 2215 377 2269 duabus
388 2215 438 2268 alis
452 2215 573 2285 equitum
590 2217 624 2267 ed
641 2215 734 2284 jugum
755 2216 852 2278 montis
868 2213 948 2284 jussis
966 2213 1026 2266 sub·

119 2282 220 2351 sistere,
233 2294 335 2336 ceteros
347 2285 372 2337 in
390 2284 509 2337 medium
528 2284 590 2337 belli
608 2283 752 2341 discrimen
771 2293 876 2336 strenue
896 2282 1025 2336 transfert.

118 2350 258 2405 Subductis
280 2353 376 2405 deinde
401 2371 434 2407 ex
456 2356 515 2406 acie
538 2353 676 2406 Thessalis
698 2353 839 2422 equitibus,
862 2353 1026 2420 praefectum

118 2437 209 2474 eorum
228 2421 330 2474 occulte
348 2423 486 2475 circumire
505 2432 608 2492 tergum
627 2439 733 2475 suerum
751 2421 832 2490 jubet,
850 2420 1026 2473 Parmenioni-

117 2507 170 2559 que
189 2490 320 2559 cenjungi,
333 2499 361 2543 et
378 2491 447 2559 qued
466 2492 488 2543 is
506 2492 669 2560 imperasset,
684 2491 793 2559 impigre
810 2489 918 2559 exequi.
953 2489 1026 2543 Jam-

117 2577 170 2628 que
189 2561 240 2629 ipsi
259 2561 284 2611 in
302 2559 423 2613 medium
440 2559 591 2614 Persarum⁶
610 2559 672 2611 undi
692 2577 725 2610 ue
749 2558 902 2611 circumfusi
920 2559 1024 2638 egregie

117 2629 283 2698 tuebantur3⁶
302 2629 349 2682 sed
370 2629 488 2697 conferti,
508 2638 533 2680 et
553 2630 629 2699 quasi
649 2646 680 2681 ce
700 2639 828 2697 aerentes,
848 2628 903 2680 tela
922 2629 1025 2681 vibrare

116 2715 166 2751 non
186 2708 319 2768 poterant:
345 2699 424 2751 simul
445 2708 520 2751 erant
540 2700 645 2766 emissa,
667 2699 694 2750 iu
715 2697 821 2770 eosdem
844 2698 1025 2753 concurrentia

119 2800 173 2808 ...-

145 2868 152 2891 ¹
168 2861 237 2929 Umuo
248 2861 268 2909 is
280 2860 319 2911 the
331 2860 515 2921 ehorp-pointed
526 2863 583 2909 bess
594 2856 674 2910 which
689 2861 794 2925 projecte
809 2861 871 2910 from
882 2862 922 2911 the
934 2864 1023 2913 middle

114 2921 170 3010 οἷά*
179 2921 336 3086 llllissinight
345 2989 407 3048 gete
417 2979 451 3026 it.'
475 2978 530 3027 The
539 2980 691 3040 subjunctive
697 2979 727 3028 de
744 2980 804 3030 ends
811 2995 842 3028 en
849 2982 952 3042 jubebat,
963 2981 1023 3030 with

113 3056 144 3089 un
155 3039 228 3087 altere
257 3049 427 3086 construction.
453 3039 499 3086 See
510 3039 695 3098 Zoropassos.
742 3055 839 3098 empore
853 3040 1022 3091 Graml370.

142 3104 151 3127 ³
164 3098 247 3154 Collis,
263 3104 292 3146 ‘a
303 3098 426 3145 mountain
438 3098 514 3157 path‚'
526 3098 546 3146 is
555 3099 612 3147 used
621 3100 654 3158 by
664 3098 763 3161 Curtius
772 3115 799 3147 as
807 3099 930 3155 feminine,
940 3099 1023 3148 whilst

112 3158 182 3206 ether
193 3157 290 3205 authors
302 3173 367 3205 more
379 3156 515 3217 frequently
526 3157 598 3205 make
609 3158 627 3205 it
638 3157 778 3206 masculine.

141 3216 207 3264 ‘See
220 3217 317 3274 Zumpt,
330 3216 344 3268 i
356 3221 407 3271 102,
421 3229 476 3264 nete
488 3220 509 3264 l.
631 3267 633 3272 ,

142 3284 151 3309 ⁶
161 3276 194 3323 Su
212 3275 253 3336 ply
264 3277 334 3323 illoti.
368 3274 461 3327 ‘Berne
473 3274 524 3324 into
535 3274 575 3323 the
587 3273 676 3331 middle
687 3275 715 3323 ef
726 3275 767 3324 the
780 3275 910 3324 Persians’

112 3391 118 3404 ⁸
139 3340 168 3366 Η
201 3335 248 3395 hey
257 3333 532 3404 deleudeduthemselves
542 3334 675 3402 meufully.’
708 3334 740 3382 Se
748 3350 804 3395 may
811 3336 841 3383 be
850 3333 968 3396 supplied,
978 3334 1021 3385 but

111 3393 597 3455 rtseemstobcamilitaryerrprcesrou.
941 3448 947 3456 x
1092 3413 1101 3423 s
