2274 3772
123 181 181 238 aod
388 195 428 236 ou
451 196 558 238 eusrrs
579 197 760 239 suuxrrronr.

122 298 235 378 deserto,
253 322 316 360 cum
339 303 458 375 pluribus
475 314 593 360 restmm
617 305 771 360 defutumm
788 305 917 360 viaticum
944 307 1041 379 fuerit,

122 377 150 431 ni
167 395 214 431 aes
231 375 348 430 alienum
367 374 493 428 luissem:
512 370 609 445 nempe
629 376 656 428 in
675 377 793 428 Asiatica
816 376 937 445 praeda.¹
974 379 1043 432 Nec

122 447 204 570 pudet
222 444 350 516 profundo
369 453 461 501 ventre
483 443 650 498 devictarum
672 446 791 514 gentium
815 446 898 515 spolia
917 446 1043 502 circum·

133 526 243 586 erentes,
263 515 359 568 reverti
377 513 447 569 velle
464 515 499 566 ad
517 513 615 568 liberos
632 514 819 584 conjugesque‚
832 515 934 583 quibus
952 519 1041 586 pauci

121 586 240 655 praemia
251 585 377 638 victoriae
395 583 505 652 potestis
522 583 670 637 ostendere.
705 585 777 644 Nam
794 593 953 654 ceterorum,
966 585 1041 641 dum

121 655 203 708 etiem
222 655 279 724 spei
298 662 400 706 vestrae
419 653 525 707 obviarn
544 653 606 723 istis,
625 670 700 707 arma
718 670 822 774 quoque
840 654 943 724 pignori
962 666 1040 710 sunt.

122 724 202 778 Bonis
218 741 281 777 veru
305 721 443 775 militibus
454 723 583 777 cariturus
605 740 673 793 sum,
692 723 819 792 pelicum
842 740 953 776 suarum
971 742 1040 778 con·

122 793 239 848 cubinis:
259 792 354 862 quibus
365 791 415 844 hoc
427 791 513 845 solum
525 809 559 845 err
571 793 650 845 tantis
667 793 762 862 opibus
774 809 804 844 su
823 801 899 860 erest,
915 794 942 845 in
961 794 1039 863 quod

122 862 303 933 impenditur.²
338 861 450 914 Proinde
463 861 623 929 fugientibus
635 879 680 915 me
692 869 798 931 pateant
804 810 908 914 iimites
919 879 925 914 ε
946 862 1038 917 faces·

122 934 171 985 site
195 931 256 985 hinc
280 931 354 985 ocius
361 948 369 1000 5
387 947 436 1052 οἷο
455 948 517 983 curn
536 931 623 984 Persis
642 931 799 985 abeuntium
822 939 895 998 terga
914 933 1036 987 tutabor.

121 1002 264 1055 Neminem
288 1009 381 1054 terreo:
417 999 516 1053 iberate
539 999 629 1053 oculos
651 1017 734 1070 meos,
754 1000 927 1068 ingratissimi
948 1002 1038 1056 cives.

121 1071 197 1124 Laeti
210 1087 257 1123 vos
269 1070 403 1139 excipient
414 1078 538 1139 parentes
549 1070 677 1139 liberique
696 1071 752 1122 sine
766 1079 851 1123 restro
871 1086 935 1137 rege
956 1071 1038 1124 rede-

122 1139 215 1194 untes!
230 1140 337 1194 chriam
345 1138 606 1192 ibuutdesertoribus
615 1137 825 1208 transfugisque!
846 1139 1038 1209 Triumphabo

121 1208 275 1263 mehercule
287 1209 321 1262 de
333 1209 397 1277 fuga
408 1218 503 1277 vestra,
516 1217 543 1261 et
554 1209 704 1278 ubicunque
718 1224 769 1278 ero,
783 1216 907 1278 expetam
920 1225 1037 1281 poenas,

121 1278 177 1348 bos,
187 1297 250 1334 cum
262 1279 413 1350 quibusme
422 1277 577 1348 relinquitis,
587 1277 697 1331 colendo
706 1276 935 1347 praeferendoque
947 1278 1036 1334 rubis.

120 1349 180 1403 Jam
193 1359 284 1402 autem
296 1349 394 1416 scietis,
407 1356 434 1400 et
452 1355 580 1417 quantum
599 1347 655 1400 sine
674 1363 736 1416 rege
748 1347 836 1403 valeat
848 1347 991 1419 exercitus,
1007 1357 1036 1404 et

121 1417 184 1486 quid
197 1420 254 1488 opis
266 1419 292 1471 in
305 1435 349 1470 me
362 1433 413 1469 uno
426 1417 468 1468 sit.

158 1493 197 1538 11.
216 1487 327 1540 Desiluit
345 1485 443 1538 deinde
463 1484 588 1538 frendens
606 1484 641 1538 de
661 1484 792 1555 tribunali,
813 1494 847 1538 et
859 1483 887 1538 io
906 1485 1036 1542 medium

120 1564 280 1609 armatorum
302 1572 399 1623 agmen
416 1570 445 1606 se
463 1553 581 1622 immisit,
602 1563 704 1609 notatos
723 1571 837 1624 quoque,
857 1555 903 1624 qui
921 1554 1033 1610 ferocis·

121 1623 188 1677 sime
200 1623 316 1676 oblocuti
324 1632 409 1691 erant,
419 1622 535 1690 singulos
545 1639 628 1677 manu
640 1625 771 1694 corripuit,
781 1640 831 1677 nec
842 1640 923 1677 ausos
935 1641 1033 1694 repug-

120 1709 191 1761 nare,
202 1692 328 1746 tredecim
341 1693 514 1747 asservandos
525 1691 679 1757 custodibus
690 1693 804 1764 corporis
815 1691 932 1747 tradidit.
964 1694 1033 1752 Quis

120 1762 247 1832 crederet,
267 1778 378 1815 saevam
396 1761 478 1831 paulo
494 1770 557 1815 ante
572 1763 730 1817 contionem
752 1762 917 1831 obtorpuisse
941 1764 1032 1817 subito

120 1841 201 1902 metu,
221 1840 328 1886 etcum
350 1831 384 1885 ad
403 1831 563 1902 supplicium
581 1829 684 1886 rideret
703 1830 772 1885 trahi
787 1829 854 1884 nihil
871 1846 954 1884 ausos
971 1850 1032 1900 gra·

120 1902 398 1971 rioraquamceteros
434 1903 452 1937 *
488 1901 517 1937 *ὅ
551 1901 607 1953 sive
625 1901 747 1971 nominis,
760 1899 945 1970 quodgentes‚
959 1911 1041 1970 quae·

120 1972 169 2025 sub
182 1971 286 2040 regibus
298 1980 366 2040 sunt,
380 1973 448 2024 inter
459 1970 524 2025 deos
542 1970 640 2039 colunt,
653 1971 709 2022 sive
729 1970 832 2041 propria
850 1970 935 2039 ipsius
948 1988 1031 2024 reue·

120 2042 192 2109 ratio,
211 2041 268 2093 sive
292 2040 391 2094 fiducia
414 2048 487 2092 tanta
505 2040 531 2092 vi
549 2041 696 2092 exercentis
719 2040 859 2110 imperium
882 2042 1031 2094 conterruit

120 2125 179 2162 ecs:
199 2109 329 2177 singulare
341 2117 413 2161 certe
425 2108 564 2161 edidemnt
576 2108 718 2178 parientiae
730 2108 891 2178 exemplum,
904 2110 1030 2178 adeoque

120 2194 171 2230 non
189 2188 250 2230 sunt
267 2179 373 2230 accensi
396 2177 524 2247 supplicio
548 2178 737 2246 comilitonum,
757 2194 820 2230 cum
846 2179 896 2231 sub
919 2188 1031 2233 noctem

120 2246 271 2300 interfectos
289 2263 348 2299 esse
369 2256 524 2314 cognossent
543 2255 572 2299 ut
591 2247 657 2300 nihil
675 2247 818 2316 omiserint,
838 2248 908 2316 quod
930 2249 1031 2318 singuli

120 2334 148 2370 m
184 2316 206 2369 is
223 2316 377 2372 obedienter
395 2324 423 2367 et
440 2315 484 2386 pie
501 2315 640 2368 facerent.⁴
674 2317 745 2370 Nam
769 2333 832 2369 cum
855 2326 961 2386 postero
985 2318 1031 2371 die

120 2402 166 2507 quo
188 2386 245 2439 ibiti
262 2385 336 2439 aditu
348 2386 490 2455 venissent,
503 2384 627 2439 Asiaticis
647 2385 726 2458 modo
744 2386 874 2439 militibus
891 2385 1030 2458 admissis,

132 2455 280 2525 ugubrem,⁵
303 2455 363 2508 totis
392 2454 483 2507 castris
512 2455 619 2508 edidere
652 2456 804 2525 clamorem,
829 2455 1031 2528 denuntiantes,

119 2525 237 2594 protinus
248 2542 308 2578 esse
320 2525 477 2594 morituros‚⁶
490 2526 512 2578 si
524 2541 572 2578 rex
583 2533 764 2594 perseveraret
776 2525 862 2577 irasci.

157 2599 197 2646 12.
215 2597 251 2647 At
262 2595 307 2648 ille
319 2594 465 2664 pervicacis
476 2594 510 2647 ad
523 2595 611 2646 omnia
629 2611 697 2664 quae
705 2595 832 2662 agitasset
848 2594 939 2662 animi,
954 2612 1033 2666 pere·

118 2663 251 2730 grincrum
273 2664 389 2736 militum
412 2663 562 2716 contionem
584 2633 707 2716 advocari
729 2663 811 2733 jubet,
832 2633 1034 2718 hlecedonibus

119 2732 187 2784 intra
210 2743 295 2785 castra
313 2732 449 2787 cohibitis:
469 2742 496 2785 et
513 2749 577 2786 cum
594 2732 748 2802 frequentes
766 2736 888 2802 coissent,
907 2732 1033 2788 adhibito

119 2803 260 2870 interprete
283 2802 366 2855 talem
390 2802 535 2856 orationem
560 2802 667 2855 habuit:
695 2803 763 2855 Cum
780 2819 815 2855 ex
832 2803 940 2871 Europa
959 2803 1034 2872 traji-

148 2907 194 2956 ¹In
204 2908 248 2956 hee
259 2908 316 2958 herc
328 2909 368 2958 the
379 2909 443 2958 force
454 2908 482 2957 of
496 2908 742 2968 ‘notwithstanding'

147 2967 281 3028 αΝιηῐιεΙγ,
294 2967 336 3014 the
347 2969 492 3016 concubines
501 2968 583 3016 whom
593 2967 634 3016 the
646 2967 747 3015 soldiers
758 2965 896 3026 supported.

146 3027 237 3099 {Some
249 3027 327 3073 words
339 3028 400 3075 have
411 3027 480 3087 dropt
490 3037 533 3076 out
544 3027 610 3084 here,
623 3026 682 3074 such
694 3043 720 3074 as
736 3044 767 3074 ne
781 3043 855 3075 vocem
870 3027 966 3086 quidem
976 3044 1031 3076 sur·

117 3089 223 3193 mindi.
241 3085 400 3206 didicerem.
432 3145 495 3193 This
511 3145 531 3193 is
546 3159 638 3192 amore
654 3143 741 3192 diffuse
757 3143 828 3192 mode
844 3143 872 3192 of
884 3145 1033 3206 expressing

120 3205 186 3251 ‘thet
203 3221 234 3285 riq
250 3220 295 3253 one
313 3203 384 3251 could
400 3203 461 3251 have
478 3203 612 3252 conducted
630 3203 732 3251 himself
749 3203 772 3250 in
794 3219 808 3251 a
826 3218 892 3251 more
914 3204 1031 3252 obedient

117 3277 375 3380 mffqffrdeuthmnilf
389 3320 482 3378 thetis,
494 3321 575 3369 aweil
591 3321 650 3369 such
667 3337 694 3369 as
710 3321 731 3370 is
746 3320 826 3370 raised
841 3336 899 3369 orer
911 3336 1027 3382 corpses;

106 3379 145 3430 for
154 3384 247 3447 lugere,
262 3387 351 3445 luetur,
363 3383 485 3448 lugubris,
497 3379 532 3429 all
539 3379 602 3430 refer
612 3390 640 3428 to
650 3380 732 3448 beatu.
982 3438 987 3447 ι

129 3443 185 3495 ‘Sc
194 3445 217 3496 is
230 3446 349 3508 omitted,
363 3463 391 3497 es
403 3440 545 3508 frequently
556 3440 587 3490 in
595 3439 710 3494 Curtius,
719 3435 1039 3494 alternorusotaecnmg.
