2274 3772
111 90 149 147 62
376 105 415 145 oa
438 104 545 144 aasrrs
566 104 750 146 saaxsnmu.

109 215 222 284 navigia,
241 215 338 285 quibus
354 213 493 267 occultatis
511 213 605 266 Sidona
624 213 728 268 devecti
748 223 816 267 sunt.
853 214 1018 273 Quindecim

109 285 183 338 milia
202 284 252 338 hoo
272 285 339 338 furto
359 284 490 337 subducta
501 284 628 335 saevitiae
642 294 710 337 sunt.
746 285 934 353 Quantumque
956 301 1019 338 sau·

108 355 197 424 guinis
216 355 304 408 susum
329 355 369 422 sit,
393 354 435 405 vel
456 369 494 405 'ex
517 353 566 405 hoc
589 354 722 406 aestimari
740 362 833 424 potest,
854 353 921 422 qnod
948 354 1020 408 iutra

109 426 276 477 munimenta
305 423 379 477 urbis
409 441 457 477 sex
487 422 559 474 milia
589 435 750 476 armatorum
782 424 911 475 trucidata
943 432 1017 477 sunt.

109 495 194 546 Triste
207 493 303 546 deinde
316 493 497 562 spectaculum
510 492 653 544 victoribus
665 494 702 544 ira
715 494 834 562 praebuit
848 495 924 560 regis.
956 494 1019 546 Duo

108 564 190 632 milia,
204 565 230 616 in
248 564 343 632 quibus
360 562 512 615 occidendis
524 561 658 614 defecerat
678 562 781 630 rabies,¹
800 562 922 615 cmcibus
940 562 1018 616 affixi

128 649 156 684 er
176 634 269 702 ingens
289 634 371 686 litoris
390 633 503 701 spatium
528 631 718 700 pependerunt.
754 632 1018 700 Carthaginiensium

109 650 204 770 hgatis
216 704 340 772 pepercit,
353 702 443 755 addita
455 700 652 754 denuntiatione
666 701 736 772 belli,
749 702 819 771 quod
833 703 1017 770 praesentium

110 788 197 825 rerum
209 773 355 825 necessitas
366 779 518 826 moraretur.
904 792 908 800 r

145 842 193 894 20.¹
205 843 289 912 Tyros
308 843 420 911 septimo
444 858 544 909 mense,
566 842 657 909 quam⁹
675 841 819 910 oppugnari
836 850 929 911 coepta
948 838 1016 912 er‘at,

109 921 187 981 capta
199 920 246 980 est,
260 911 322 964 urbs
339 920 366 964 et
383 919 514 964 vetustate
527 911 634 977 originis
652 918 678 963 et
695 911 787 963 crebra
799 911 917 963 fortunae
930 914 1018 966 varie-

109 990 164 1034 tate
176 980 211 1033 ad
223 980 378 1034 memoriam
392 980 550 1050 posteritatis
569 980 685 1048 insignis.
721 980 833 1033 Condita
845 980 879 1034 ab
891 984 1017 1049 Agenore

109 1050 155 1102 diu
173 1068 255 1122 mare,
268 1067 320 1104 non
338 1051 454 1104 vicinum
472 1050 557 1119 modo,
578 1050 625 1102 sed
644 1049 819 1120 quodeunque
838 1050 937 1102 classes
956 1051 1018 1122 eJus

109 1119 237 1190 adierunt,
251 1121 362 1174 dicionis
373 1137 437 1173 suae
450 1120 521 1173 fecit.
558 1121 591 1173 Et
604 1120 626 1171 si
639 1119 727 1172 famae
739 1119 804 1172 libet
816 1119 932 1190 credere,
946 1120 1018 1176 haec

109 1205 176 1258 gens
195 1190 296 1244 litteras
313 1191 397 1262 prima
415 1199 460 1242 aut
478 1190 572 1259 docuit,
593 1197 637 1242 erit
656 1188 757 1242 didicit.
794 1189 917 1242 Coloniae
941 1202 1018 1246 certe

110 1259 169 1328 ejus
187 1277 273 1330 paene
291 1261 354 1313 orbe
372 1269 424 1312 toto
442 1259 555 1312 diffusae
575 1267 650 1311 sunt:
677 1257 806 1327 Carthago
824 1259 850 1311 in
869 1258 967 1330 Africa,
988 1263 1017 1316 in

111 1328 219 1382 Boeotia
243 1329 361 1398 Thebae,
380 1329 469 1382 Gades
492 1329 525 1382 ad
549 1330 704 1382 Oceanum.³
739 1328 821 1381 Credo
843 1329 923 1383 libero
942 1328 1016 1384 corn·

109 1401 240 1452 meantes⁴
251 1400 317 1451 mari
331 1399 488 1468 saepiusque
506 1398 627 1451 adeundo
645 1399 742 1450 ceteris
760 1398 905 1466 incognitas
923 1408 1016 1471 terras,

109 1467 152 1519 ele
171 1469 225 1520 isse
244 1468 323 1520 sedes
344 1468 555 1537 juventutique
578 1476 640 1520 tunc
663 1467 848 1522 abundabant:
873 1469 929 1521 sive
953 1471 1018 1540 quia

109 1485 208 1590 crebris
227 1538 342 1590 motibus
362 1546 454 1606 terrae,
475 1554 537 1590 nam
562 1537 612 1589 hoc
635 1554 739 1607 quoqne
764 1537 879 1607 traditur,
901 1539 1018 1592 cultores

110 1605 168 1674 ejus
184 1606 294 1676 fatigati,
307 1623 375 1659 nova
392 1616 417 1658 et
437 1617 545 1660 externa
561 1607 694 1660 domicilia
712 1607 793 1659 armis
811 1607 917 1661 sibimet
935 1627 1018 1678 quae·

110 1691 167 1727 rere
191 1675 360 1744 cogebantur.
408 1675 502 1729 Multis
526 1695 587 1746 ergo
611 1677 718 1729 casibus
741 1677 886 1747 defuncta,⁶
909 1687 935 1729 et
959 1688 1018 1748 post

109 1746 246 1798 excidium
265 1755 363 1816 renata,
382 1763 453 1799 nunc
470 1755 559 1800 tamen
577 1747 655 1814 longa
672 1762 738 1816 pace
758 1756 853 1800 cuncta
871 1748 1016 1819 refovente,

109 1814 159 1868 sub
171 1816 255 1868 tutela
266 1816 401 1869 Romanae
413 1817 623 1869 mansuetudinis
634 1814 788 1884 acquiescit.

144 1889 186 1938 21,
204 1885 300 1938 lisdem
314 1885 397 1939 ferme
410 1885 505 1939 diebus
517 1887 595 1939 Darei
608 1886 709 1952 litterae
721 1884 817 1937 allatae
830 1895 897 1956 sunt,
908 1887 1017 1941 tandem

52 2016 55 2020 A
109 1963 138 2006 ut
162 1957 216 2024 regi
240 1956 363 2025 scriptae.
401 1955 519 2024 Petebat,
545 1958 582 2008 uti
606 1956 688 2009 filiam
714 1972 791 2007 suam
814 1955 936 2025 (Statirae
960 1966 1017 2011 erat

110 2027 226 2092 nomen),
256 2025 354 2094 nuptiis
382 2025 534 2078 Alexander
560 2026 611 2079 sibi
638 2025 809 2094 adjungeret:
841 2026 929 2078 dotem
960 2026 1017 2081 fore

110 2109 217 2146 omnem
247 2095 380 2162 regionem
410 2095 477 2146 inter
506 2095 706 2165 Hellespontum
736 2103 762 2146 et
793 2096 878 2165 Halyn
907 2113 1018 2150 amnem

111 2163 196 2231 sitam,
210 2163 272 2215 inde
289 2163 423 2216 Orientem
436 2165 616 2233 spectantibus
627 2166 701 2216 terris
713 2172 863 2218 contentum
881 2168 922 2235 (se
940 2166 1017 2238 fore).

110 2230 136 2284 Si
160 2231 226 2283 forte
249 2231 380 2285 dubitaret
403 2233 473 2302 quod
496 2233 633 2286 offerretur
651 2235 788 2304 accipere:
813 2252 946 2304 nunqnam
970 2235 1018 2290 diu

111 2301 205 2354 eodem
225 2303 335 2371 vestigio
353 2303 592 2373 starei‘fortunam,
610 2321 768 2373 semperque
788 2304 915 2374 homines,
935 2322 1018 2374 quan·

111 2379 272 2442 tamcnnque
302 2372 457 2426 felicitatem
488 2373 609 2442 habeant,
639 2373 767 2427 invidiam
796 2383 884 2427 tamen
919 2374 1019 2429 sentire

112 2449 152 2487 ’Ἴ
160 2465 166 2486 ¹
175 2460 230 2508 The
242 2460 296 2508 mad
308 2476 364 2520 rege
380 2460 408 2508 of
420 2460 460 2508 the
472 2475 626 2519 conquerors‚
640 2460 702 2508 their
713 2461 760 2507 lust
771 2459 807 2508 for
818 2461 897 2516 blood,
911 2460 957 2508 had
974 2475 1018 2509 ex·

111 2518 213 2568 hausted
225 2519 308 2576 itself,'
322 2535 349 2567 so
360 2519 412 2567 that
423 2520 493 2567 these
505 2530 554 2566 two
565 2519 684 2567 thousand
696 2518 741 2566 had
757 2521 818 2567 been
833 2519 919 2578 spared
934 2521 959 2567 in
975 2519 1019 2568 the

112 2580 209 2638 genem
220 2595 348 2627 messuere.
380 2579 452 2626 After
463 2582 538 2634 milia,
550 2580 618 2639 office
628 2579 705 2639 might
723 2578 783 2626 have
802 2581 864 2626 been
881 2578 1018 2638 expected3

112 2639 155 2725 bu:
167 2653 207 2685 see
219 2639 317 2706 Zumpt,
331 2636 406 2689 Adde.

141 2695 1019 2815 =il‘sslfldssf'clllfdllllllliftlihfilllih‘llhuaaa

113 2824 138 2861 to
149 2814 190 2860 the
202 2815 336 2863 north-east
352 2814 380 2862 of
393 2814 521 2863 Gibraltar.
554 2815 608 2862 The
626 2815 772 2863 Phoenician
784 2831 853 2864 nante
865 2831 914 2864 was
927 2816 1019 2876 Gedir3

115 2873 353 3000 GiepT'rdliigliiriga’
361 2937 367 2958 ‘
375 2931 462 2993 sailing
472 2932 553 2980 hither
563 2933 609 2981 and
620 2933 726 2981 thither!

142 3000 150 3022 ⁸
163 2997 168 3016 ¹
180 2992 250 3038 After
260 3002 278 3038 rt
288 2991 335 3059 had
344 2989 466 3060 enqdured!
483 3051 488 3060 Ι
972 3055 977 3063 Ι

140 3058 149 3080 ⁵
162 3050 232 3098 After
241 3051 281 3098 the
289 3050 363 3098 direct
370 3050 529 3107 informatum,
539 3054 625 3113 petebat
633 3060 668 3107 ut,
680 3053 728 3099 dac.
736 3051 777 3100 the
786 3054 871 3101 author
878 3069 961 3112 pasees
970 3065 1024 3104 utto

114 3110 154 3157 the
166 3111 265 3158 indirect
277 3108 337 3156 form
348 3109 377 3157 of
388 3111 485 3169 speech,
500 3111 602 3158 without
617 3111 769 3171 introducing
784 3128 798 3159 a
814 3116 871 3160 verb
883 3112 911 3160 os
923 3115 1023 3182 saying.

114 3170 160 3217 See
174 3170 253 3218 Gram.
264 3169 277 3220 A
288 3172 340 3217 379.
363 3169 472 3217 Darius’s
481 3169 553 3217 offers
562 3185 601 3216 are
610 3185 737 3230 genereus,
748 3171 794 3219 and
803 3171 840 3220 his
849 3183 988 3232 arguments
996 3187 1024 3223 tn

113 3228 1025 3349 trttthtttlttltttttd“tl’tllttlttltttltthltttlltttttl

114 3346 226 3396 offended
236 3346 384 3404 Alexander.
397 3347 523 3395 oonscious
533 3363 560 3395 as
571 3347 602 3395 he
613 3363 663 3397 was
674 3346 702 3396 of
708 3347 746 3395 his
757 3348 862 3410 military
870 3348 1026 3410 superiority.
