<?xml version="1.0" encoding="UTF-8"?>
<!DOCTYPE html PUBLIC "-//W3C//DTD XHTML 1.0 Transitional//EN"
    "http://www.w3.org/TR/xhtml1/DTD/xhtml1-transitional.dtd">
<html xmlns="http://www.w3.org/1999/xhtml" xml:lang="en" lang="en">
 <head>
  <title>
</title>
<meta http-equiv="Content-Type" content="text/html;charset=utf-8" />
  <meta name='ocr-system' content='tesseract 3.04.00' />
  <meta name='ocr-capabilities' content='ocr_page ocr_carea ocr_par ocr_line ocrx_word'/>
</head>
<body>
  <div class='ocr_page' id='page_1' title='image "./degestisalexand00rufugoog_0318.png"; bbox 0 0 2274 3772; ppageno 0'>
   <div class='ocr_carea' id='block_1_1' title="bbox 471 153 1058 229">
    <p class='ocr_par' dir='ltr' id='par_1_1' title="bbox 471 153 1058 229">
     <span class='ocr_line' id='line_1_1' title="bbox 471 153 1058 229; baseline -0.002 -20"><span class='ocrx_word' id='word_1_1' title='bbox 471 169 564 209; x_wconf 76' lang='lat' dir='ltr'>nisus</span> <span class='ocrx_word' id='word_1_2' title='bbox 584 169 614 208; x_wconf 88' lang='lat' dir='ltr'>x.</span> <span class='ocrx_word' id='word_1_3' title='bbox 937 153 994 229; x_wconf 60' lang='lat'>305</span> <span class='ocrx_word' id='word_1_4' title='bbox 1053 163 1058 172; x_wconf 89' lang='lat'><strong>·</strong></span> 
     </span>
    </p>
   </div>
   <div class='ocr_carea' id='block_1_2' title="bbox 84 276 997 2770">
    <p class='ocr_par' dir='ltr' id='par_1_2' title="bbox 88 276 995 972">
     <span class='ocr_line' id='line_1_2' title="bbox 88 276 993 358; baseline -0.001 -26"><span class='ocrx_word' id='word_1_5' title='bbox 88 290 194 332; x_wconf 91' lang='lat' dir='ltr'>metuo:</span> <span class='ocrx_word' id='word_1_6' title='bbox 214 279 303 349; x_wconf 87' lang='lat' dir='ltr'>palam</span> <span class='ocrx_word' id='word_1_7' title='bbox 320 285 392 331; x_wconf 89' lang='lat' dir='ltr'>certe</span> <span class='ocrx_word' id='word_1_8' title='bbox 410 277 518 348; x_wconf 89' lang='lat' dir='ltr'>rupistis</span> <span class='ocrx_word' id='word_1_9' title='bbox 535 276 684 348; x_wconf 88' lang='lat' dir='ltr'>imperium,</span> <span class='ocrx_word' id='word_1_10' title='bbox 698 284 724 328; x_wconf 91' lang='lat' dir='ltr'>et</span> <span class='ocrx_word' id='word_1_11' title='bbox 739 276 855 346; x_wconf 86' lang='lat' dir='ltr'>precario</span> <span class='ocrx_word' id='word_1_12' title='bbox 868 293 913 329; x_wconf 84' lang='lat' dir='ltr'>reri</span> <span class='ocrx_word' id='word_1_13' title='bbox 925 294 993 358; x_wconf 90' lang='lat' dir='ltr'>sum,</span> 
     </span>
     <span class='ocr_line' id='line_1_3' title="bbox 89 345 992 418; baseline -0.002 -16"><span class='ocrx_word' id='word_1_14' title='bbox 89 349 132 402; x_wconf 89' lang='lat' dir='ltr'>cui</span> <span class='ocrx_word' id='word_1_15' title='bbox 150 365 200 401; x_wconf 93' lang='lat' dir='ltr'>noir</span> <span class='ocrx_word' id='word_1_16' title='bbox 219 347 377 418; x_wconf 85' lang='lat' dir='ltr'>alloquendi,</span> <span class='ocrx_word' id='word_1_17' title='bbox 392 364 443 399; x_wconf 89' lang='lat' dir='ltr'>non</span> <span class='ocrx_word' id='word_1_18' title='bbox 458 347 593 400; x_wconf 84' lang='lat' dir='ltr'>nosceiidi¹</span> <span class='ocrx_word' id='word_1_19' title='bbox 612 345 790 414; x_wconf 91' lang='lat' dir='ltr'>monendique</span> <span class='ocrx_word' id='word_1_20' title='bbox 808 354 853 398; x_wconf 87' lang='lat' dir='ltr'>aut</span> <span class='ocrx_word' id='word_1_21' title='bbox 872 346 992 400; x_wconf 84' lang='lat' dir='ltr'>intuendi</span> 
     </span>
     <span class='ocr_line' id='line_1_4' title="bbox 89 413 992 488; baseline -0.003 -17"><span class='ocrx_word' id='word_1_22' title='bbox 89 435 137 471; x_wconf 87' lang='lat' dir='ltr'>vos</span> <span class='ocrx_word' id='word_1_23' title='bbox 147 417 190 488; x_wconf 85' lang='lat' dir='ltr'>jus</span> <span class='ocrx_word' id='word_1_24' title='bbox 201 417 350 487; x_wconf 77' lang='lat' dir='ltr'>reliquistis.</span> <span class='ocrx_word' id='word_1_25' title='bbox 387 417 520 485; x_wconf 86' lang='lat' dir='ltr'>Equidem</span> <span class='ocrx_word' id='word_1_26' title='bbox 538 433 601 468; x_wconf 91' lang='lat' dir='ltr'>oum</span> <span class='ocrx_word' id='word_1_27' title='bbox 613 416 678 467; x_wconf 87' lang='lat' dir='ltr'>alios</span> <span class='ocrx_word' id='word_1_28' title='bbox 690 413 822 467; x_wconf 81' lang='lat' dir='ltr'>dimittere</span> <span class='ocrx_word' id='word_1_29' title='bbox 834 416 861 466; x_wconf 92' lang='lat' dir='ltr'>in</span> <span class='ocrx_word' id='word_1_30' title='bbox 873 417 992 486; x_wconf 79' lang='lat' dir='ltr'>patriam,</span> 
     </span>
     <span class='ocr_line' id='line_1_5' title="bbox 89 484 994 556; baseline -0.002 -17"><span class='ocrx_word' id='word_1_31' title='bbox 89 487 154 540; x_wconf 88' lang='lat' dir='ltr'>alios</span> <span class='ocrx_word' id='word_1_32' title='bbox 171 504 278 540; x_wconf 88' lang='lat' dir='ltr'>mecum</span> <span class='ocrx_word' id='word_1_33' title='bbox 291 485 369 556; x_wconf 88' lang='lat' dir='ltr'>paulo</span> <span class='ocrx_word' id='word_1_34' title='bbox 416 495 439 538; x_wconf 88' lang='lat' dir='ltr'>st</span> <span class='ocrx_word' id='word_1_35' title='bbox 451 486 600 554; x_wconf 63' lang='lat' dir='ltr'>deportare⁸</span> <span class='ocrx_word' id='word_1_36' title='bbox 612 484 756 552; x_wconf 81' lang='lat' dir='ltr'>statuerim,</span> <span class='ocrx_word' id='word_1_37' title='bbox 771 494 826 536; x_wconf 90' lang='lat' dir='ltr'>tam</span> <span class='ocrx_word' id='word_1_38' title='bbox 838 484 897 537; x_wconf 91' lang='lat' dir='ltr'>illos</span> <span class='ocrx_word' id='word_1_39' title='bbox 909 485 994 538; x_wconf 89' lang='lat' dir='ltr'>aocla-</span> 
     </span>
     <span class='ocr_line' id='line_1_6' title="bbox 89 553 994 634; baseline -0.002 -25"><span class='ocrx_word' id='word_1_40' title='bbox 89 566 194 610; x_wconf 88' lang='lat' dir='ltr'>mantes</span> <span class='ocrx_word' id='word_1_41' title='bbox 205 557 291 626; x_wconf 85' lang='lat' dir='ltr'>video,</span> <span class='ocrx_word' id='word_1_42' title='bbox 305 555 349 634; x_wconf 90' lang='lat' dir='ltr'>qui</span> <span class='ocrx_word' id='word_1_43' title='bbox 368 572 384 606; x_wconf 84' lang='lat' dir='ltr'>a</span> <span class='ocrx_word' id='word_1_44' title='bbox 404 555 463 607; x_wconf 90' lang='lat' dir='ltr'>ituri</span> <span class='ocrx_word' id='word_1_45' title='bbox 476 564 544 624; x_wconf 86' lang='lat' dir='ltr'>sunt,</span> <span class='ocrx_word' id='word_1_46' title='bbox 557 571 638 623; x_wconf 89' lang='lat' dir='ltr'>quam</span> <span class='ocrx_word' id='word_1_47' title='bbox 657 553 712 622; x_wconf 91' lang='lat' dir='ltr'>hos,</span> <span class='ocrx_word' id='word_1_48' title='bbox 725 569 787 606; x_wconf 89' lang='lat' dir='ltr'>cum</span> <span class='ocrx_word' id='word_1_49' title='bbox 806 554 903 623; x_wconf 89' lang='lat' dir='ltr'>quibus</span> <span class='ocrx_word' id='word_1_50' title='bbox 921 572 994 624; x_wconf 86' lang='lat' dir='ltr'>prae-</span> 
     </span>
     <span class='ocr_line' id='line_1_7' title="bbox 88 621 995 694; baseline -0.003 -15"><span class='ocrx_word' id='word_1_51' title='bbox 88 626 184 679; x_wconf 88' lang='lat' dir='ltr'>missos</span> <span class='ocrx_word' id='word_1_52' title='bbox 196 626 322 694; x_wconf 83' lang='lat' dir='ltr'>subsequi</span> <span class='ocrx_word' id='word_1_53' title='bbox 340 624 427 676; x_wconf 89' lang='lat' dir='ltr'>statui.</span> <span class='ocrx_word' id='word_1_54' title='bbox 463 623 534 682; x_wconf 80' lang='lat' dir='ltr'>Quid</span> <span class='ocrx_word' id='word_1_55' title='bbox 552 623 601 676; x_wconf 89' lang='lat' dir='ltr'>hoc</span> <span class='ocrx_word' id='word_1_56' title='bbox 620 632 660 676; x_wconf 89' lang='lat' dir='ltr'>est</span> <span class='ocrx_word' id='word_1_57' title='bbox 680 623 735 674; x_wconf 73' lang='lat' dir='ltr'>reil</span> <span class='ocrx_word' id='word_1_58' title='bbox 754 621 851 691; x_wconf 81' lang='lat' dir='ltr'>dispari</span> <span class='ocrx_word' id='word_1_59' title='bbox 869 625 894 676; x_wconf 94' lang='lat' dir='ltr'>in</span> <span class='ocrx_word' id='word_1_60' title='bbox 913 641 995 676; x_wconf 88' lang='lat' dir='ltr'>causa</span> 
     </span>
     <span class='ocr_line' id='line_1_8' title="bbox 88 690 994 763; baseline -0.003 -15"><span class='ocrx_word' id='word_1_61' title='bbox 88 695 161 748; x_wconf 90' lang='lat' dir='ltr'>idem</span> <span class='ocrx_word' id='word_1_62' title='bbox 180 696 300 748; x_wconf 91' lang='lat' dir='ltr'>omnium</span> <span class='ocrx_word' id='word_1_63' title='bbox 313 693 410 746; x_wconf 88' lang='lat' dir='ltr'>elamor</span> <span class='ocrx_word' id='word_1_64' title='bbox 423 692 479 745; x_wconf 87' lang='lat' dir='ltr'>est!</span> <span class='ocrx_word' id='word_1_65' title='bbox 518 690 650 746; x_wconf 83' lang='lat' dir='ltr'>Pervelim</span> <span class='ocrx_word' id='word_1_66' title='bbox 663 693 737 760; x_wconf 87' lang='lat' dir='ltr'>scire,</span> <span class='ocrx_word' id='word_1_67' title='bbox 751 701 839 744; x_wconf 86' lang='lat' dir='ltr'>utrum</span> <span class='ocrx_word' id='word_1_68' title='bbox 852 695 897 763; x_wconf 89' lang='lat' dir='ltr'>qui</span> <span class='ocrx_word' id='word_1_69' title='bbox 910 695 994 745; x_wconf 89' lang='lat' dir='ltr'>disce·</span> 
     </span>
     <span class='ocr_line' id='line_1_9' title="bbox 88 759 995 833; baseline -0.002 -17"><span class='ocrx_word' id='word_1_70' title='bbox 88 764 160 833; x_wconf 90' lang='lat' dir='ltr'>dunt,</span> <span class='ocrx_word' id='word_1_71' title='bbox 174 782 207 816; x_wconf 90' lang='lat' dir='ltr'>an</span> <span class='ocrx_word' id='word_1_72' title='bbox 221 764 267 832; x_wconf 92' lang='lat' dir='ltr'>qui</span> <span class='ocrx_word' id='word_1_73' title='bbox 280 764 431 831; x_wconf 86' lang='lat' dir='ltr'>retinentur,</span> <span class='ocrx_word' id='word_1_74' title='bbox 445 760 479 814; x_wconf 92' lang='lat' dir='ltr'>de</span> <span class='ocrx_word' id='word_1_75' title='bbox 492 778 536 814; x_wconf 91' lang='lat' dir='ltr'>me</span> <span class='ocrx_word' id='word_1_76' title='bbox 548 771 698 832; x_wconf 78' lang='lat' dir='ltr'>querantur.</span> <span class='ocrx_word' id='word_1_77' title='bbox 735 759 863 814; x_wconf 84' lang='lat' dir='ltr'>Crederes</span> <span class='ocrx_word' id='word_1_78' title='bbox 882 780 933 816; x_wconf 91' lang='lat' dir='ltr'>uno</span> <span class='ocrx_word' id='word_1_79' title='bbox 950 779 995 814; x_wconf 89' lang='lat' dir='ltr'>ore</span> 
     </span>
     <span class='ocr_line' id='line_1_10' title="bbox 88 832 994 902; baseline -0.006 -13"><span class='ocrx_word' id='word_1_80' title='bbox 88 851 183 889; x_wconf 90' lang='lat' dir='ltr'>omnes</span> <span class='ocrx_word' id='word_1_81' title='bbox 206 833 343 885; x_wconf 84' lang='lat' dir='ltr'>sustulisse</span> <span class='ocrx_word' id='word_1_82' title='bbox 367 832 518 900; x_wconf 88' lang='lat' dir='ltr'>clamorem,</span> <span class='ocrx_word' id='word_1_83' title='bbox 543 832 581 884; x_wconf 89' lang='lat' dir='ltr'>ita</span> <span class='ocrx_word' id='word_1_84' title='bbox 602 833 699 902; x_wconf 87' lang='lat' dir='ltr'>pariter</span> <span class='ocrx_word' id='word_1_85' title='bbox 729 847 763 883; x_wconf 84' lang='lat' dir='ltr'>ex</span> <span class='ocrx_word' id='word_1_86' title='bbox 791 839 845 884; x_wconf 89' lang='lat' dir='ltr'>tota</span> <span class='ocrx_word' id='word_1_87' title='bbox 874 833 994 884; x_wconf 89' lang='lat' dir='ltr'>contione</span> 
     </span>
     <span class='ocr_line' id='line_1_11' title="bbox 88 901 507 972; baseline -0.01 -16"><span class='ocrx_word' id='word_1_88' title='bbox 88 919 243 972; x_wconf 88' lang='lat' dir='ltr'>responsum</span> <span class='ocrx_word' id='word_1_89' title='bbox 256 911 304 970; x_wconf 89' lang='lat' dir='ltr'>est,</span> <span class='ocrx_word' id='word_1_90' title='bbox 317 917 411 954; x_wconf 89' lang='lat' dir='ltr'>omnes</span> <span class='ocrx_word' id='word_1_91' title='bbox 423 901 507 970; x_wconf 88' lang='lat' dir='ltr'>queri.</span> 
     </span>
    </p>

    <p class='ocr_par' dir='ltr' id='par_1_3' title="bbox 84 969 997 2770">
     <span class='ocr_line' id='line_1_12' title="bbox 125 969 996 1040; baseline -0.003 -16"><span class='ocrx_word' id='word_1_92' title='bbox 125 977 164 1024; x_wconf 91' lang='lat'>10.</span> <span class='ocrx_word' id='word_1_93' title='bbox 183 972 254 1024; x_wconf 89' lang='lat' dir='ltr'>Tum</span> <span class='ocrx_word' id='word_1_94' title='bbox 271 970 324 1040; x_wconf 87' lang='lat' dir='ltr'>ille,</span> <span class='ocrx_word' id='word_1_95' title='bbox 338 987 389 1023; x_wconf 94' lang='lat' dir='ltr'>non</span> <span class='ocrx_word' id='word_1_96' title='bbox 408 969 523 1038; x_wconf 77' lang='lat' dir='ltr'>hercule,</span> <span class='ocrx_word' id='word_1_97' title='bbox 536 970 628 1039; x_wconf 87' lang='lat' dir='ltr'>inquit,</span> <span class='ocrx_word' id='word_1_98' title='bbox 642 976 727 1038; x_wconf 88' lang='lat' dir='ltr'>potest</span> <span class='ocrx_word' id='word_1_99' title='bbox 740 969 804 1038; x_wconf 90' lang='lat' dir='ltr'>fieri,</span> <span class='ocrx_word' id='word_1_100' title='bbox 818 977 846 1023; x_wconf 92' lang='lat' dir='ltr'>ut</span> <span class='ocrx_word' id='word_1_101' title='bbox 858 970 996 1039; x_wconf 74' lang='lat' dir='ltr'>adducar,³</span> 
     </span>
     <span class='ocr_line' id='line_1_13' title="bbox 88 1037 993 1111; baseline -0.002 -18"><span class='ocrx_word' id='word_1_102' title='bbox 88 1040 217 1111; x_wconf 88' lang='lat' dir='ltr'>querendi</span> <span class='ocrx_word' id='word_1_103' title='bbox 235 1040 314 1093; x_wconf 89' lang='lat' dir='ltr'>simul</span> <span class='ocrx_word' id='word_1_104' title='bbox 332 1039 456 1106; x_wconf 84' lang='lat' dir='ltr'>omnibus</span> <span class='ocrx_word' id='word_1_105' title='bbox 472 1037 541 1091; x_wconf 86' lang='lat' dir='ltr'>hanc</span> <span class='ocrx_word' id='word_1_106' title='bbox 552 1055 662 1092; x_wconf 91' lang='lat' dir='ltr'>causam</span> <span class='ocrx_word' id='word_1_107' title='bbox 675 1055 742 1108; x_wconf 89' lang='lat' dir='ltr'>esse,</span> <span class='ocrx_word' id='word_1_108' title='bbox 756 1055 836 1108; x_wconf 90' lang='lat' dir='ltr'>quam</span> <span class='ocrx_word' id='word_1_109' title='bbox 848 1040 993 1110; x_wconf 87' lang='lat' dir='ltr'>ostenditis,</span> 
     </span>
     <span class='ocr_line' id='line_1_14' title="bbox 88 1108 995 1190; baseline -0.003 -27"><span class='ocrx_word' id='word_1_110' title='bbox 88 1111 113 1163; x_wconf 93' lang='lat' dir='ltr'>in</span> <span class='ocrx_word' id='word_1_111' title='bbox 138 1127 190 1190; x_wconf 93' lang='lat' dir='ltr'>qua</span> <span class='ocrx_word' id='word_1_112' title='bbox 213 1109 295 1179; x_wconf 84' lang='lat' dir='ltr'>major</span> <span class='ocrx_word' id='word_1_113' title='bbox 317 1125 378 1178; x_wconf 89' lang='lat' dir='ltr'>pars</span> <span class='ocrx_word' id='word_1_114' title='bbox 401 1108 534 1160; x_wconf 85' lang='lat' dir='ltr'>exercitus</span> <span class='ocrx_word' id='word_1_115' title='bbox 556 1125 607 1160; x_wconf 94' lang='lat' dir='ltr'>non</span> <span class='ocrx_word' id='word_1_116' title='bbox 630 1117 677 1176; x_wconf 88' lang='lat' dir='ltr'>est,</span> <span class='ocrx_word' id='word_1_117' title='bbox 701 1117 790 1177; x_wconf 85' lang='lat' dir='ltr'>utpote</span> <span class='ocrx_word' id='word_1_118' title='bbox 814 1112 886 1162; x_wconf 86' lang='lat' dir='ltr'>oum⁴</span> <span class='ocrx_word' id='word_1_119' title='bbox 904 1110 995 1179; x_wconf 91' lang='lat' dir='ltr'>plures</span> 
     </span>
     <span class='ocr_line' id='line_1_15' title="bbox 88 1177 996 1247; baseline 0 -16"><span class='ocrx_word' id='word_1_120' title='bbox 88 1179 243 1247; x_wconf 82' lang='lat' dir='ltr'>dimiserim,</span> <span class='ocrx_word' id='word_1_121' title='bbox 287 1195 347 1230; x_wconf 87' lang='lat' dir='ltr'>uam</span> <span class='ocrx_word' id='word_1_122' title='bbox 373 1184 521 1230; x_wconf 89' lang='lat' dir='ltr'>retenturus</span> <span class='ocrx_word' id='word_1_123' title='bbox 544 1194 612 1230; x_wconf 88' lang='lat' dir='ltr'>sum.</span> <span class='ocrx_word' id='word_1_124' title='bbox 655 1177 750 1231; x_wconf 89' lang='lat' dir='ltr'>Subest</span> <span class='ocrx_word' id='word_1_125' title='bbox 772 1179 898 1231; x_wconf 87' lang='lat' dir='ltr'>nimirum</span> <span class='ocrx_word' id='word_1_126' title='bbox 915 1179 996 1231; x_wconf 83' lang='lat' dir='ltr'>altius</span> 
     </span>
     <span class='ocr_line' id='line_1_16' title="bbox 87 1197 995 1316; baseline -0.003 -15"><span class='ocrx_word' id='word_1_127' title='bbox 87 1248 197 1316; x_wconf 90' lang='lat' dir='ltr'>malum,</span> <span class='ocrx_word' id='word_1_128' title='bbox 217 1197 286 1316; x_wconf 73' lang='lat' dir='ltr'>quod</span> <span class='ocrx_word' id='word_1_129' title='bbox 298 1264 392 1300; x_wconf 88' lang='lat' dir='ltr'>omnes</span> <span class='ocrx_word' id='word_1_130' title='bbox 403 1246 497 1299; x_wconf 87' lang='lat' dir='ltr'>avertit</span> <span class='ocrx_word' id='word_1_131' title='bbox 509 1264 525 1299; x_wconf 87' lang='lat' dir='ltr'>a</span> <span class='ocrx_word' id='word_1_132' title='bbox 538 1264 588 1299; x_wconf 90' lang='lat' dir='ltr'>me.</span> <span class='ocrx_word' id='word_1_133' title='bbox 623 1246 733 1304; x_wconf 83' lang='lat' dir='ltr'>Quando</span> <span class='ocrx_word' id='word_1_134' title='bbox 746 1248 823 1300; x_wconf 84' lang='lat' dir='ltr'>&#39;enim</span> <span class='ocrx_word' id='word_1_135' title='bbox 836 1264 926 1315; x_wconf 85' lang='lat' dir='ltr'>regern</span> <span class='ocrx_word' id='word_1_136' title='bbox 939 1248 995 1300; x_wconf 87' lang='lat' dir='ltr'>uni·</span> 
     </span>
     <span class='ocr_line' id='line_1_17' title="bbox 88 1315 995 1386; baseline -0.001 -17"><span class='ocrx_word' id='word_1_137' title='bbox 88 1335 179 1370; x_wconf 84' lang='lat' dir='ltr'>versus</span> <span class='ocrx_word' id='word_1_138' title='bbox 197 1316 313 1369; x_wconf 90' lang='lat' dir='ltr'>deseruit</span> <span class='ocrx_word' id='word_1_139' title='bbox 325 1316 476 1370; x_wconf 81' lang='lat' dir='ltr'>exercitusl</span> <span class='ocrx_word' id='word_1_140' title='bbox 511 1317 553 1369; x_wconf 91' lang='lat' dir='ltr'>Ne</span> <span class='ocrx_word' id='word_1_141' title='bbox 572 1317 640 1370; x_wconf 88' lang='lat' dir='ltr'>servi</span> <span class='ocrx_word' id='word_1_142' title='bbox 657 1315 766 1386; x_wconf 90' lang='lat' dir='ltr'>quidem</span> <span class='ocrx_word' id='word_1_143' title='bbox 778 1333 829 1371; x_wconf 89' lang='lat' dir='ltr'>uno</span> <span class='ocrx_word' id='word_1_144' title='bbox 841 1334 920 1384; x_wconf 86' lang='lat' dir='ltr'>grege</span> <span class='ocrx_word' id='word_1_145' title='bbox 938 1320 995 1386; x_wconf 81' lang='lat' dir='ltr'>pro&#39;-</span> 
     </span>
     <span class='ocr_line' id='line_1_18' title="bbox 87 1385 995 1465; baseline -0.001 -26"><span class='ocrx_word' id='word_1_146' title='bbox 87 1385 191 1454; x_wconf 84' lang='lat' dir='ltr'>fugiunt</span> <span class='ocrx_word' id='word_1_147' title='bbox 203 1385 330 1454; x_wconf 89' lang='lat' dir='ltr'>dominos,</span> <span class='ocrx_word' id='word_1_148' title='bbox 344 1386 391 1440; x_wconf 90' lang='lat' dir='ltr'>sed</span> <span class='ocrx_word' id='word_1_149' title='bbox 404 1393 444 1438; x_wconf 89' lang='lat' dir='ltr'>est</span> <span class='ocrx_word' id='word_1_150' title='bbox 456 1385 566 1455; x_wconf 90' lang='lat' dir='ltr'>quidam</span> <span class='ocrx_word' id='word_1_151' title='bbox 579 1387 606 1438; x_wconf 91' lang='lat' dir='ltr'>in</span> <span class='ocrx_word' id='word_1_152' title='bbox 618 1385 669 1438; x_wconf 90' lang='lat' dir='ltr'>illis</span> <span class='ocrx_word' id='word_1_153' title='bbox 680 1385 763 1465; x_wconf 90' lang='lat' dir='ltr'>pudor</span> <span class='ocrx_word' id='word_1_154' title='bbox 774 1403 791 1437; x_wconf 86' lang='lat' dir='ltr'>a</span> <span class='ocrx_word' id='word_1_155' title='bbox 802 1386 898 1438; x_wconf 86' lang='lat' dir='ltr'>ceteris</span> <span class='ocrx_word' id='word_1_156' title='bbox 915 1385 995 1438; x_wconf 89' lang='lat' dir='ltr'>desti-</span> 
     </span>
     <span class='ocr_line' id='line_1_19' title="bbox 86 1454 997 1524; baseline -0.001 -16"><span class='ocrx_word' id='word_1_157' title='bbox 86 1464 157 1508; x_wconf 90' lang='lat' dir='ltr'>tutos</span> <span class='ocrx_word' id='word_1_158' title='bbox 170 1455 342 1524; x_wconf 83' lang='lat' dir='ltr'>relinquendi.</span> <span class='ocrx_word' id='word_1_159' title='bbox 379 1456 479 1508; x_wconf 87' lang='lat' dir='ltr'>Verum</span> <span class='ocrx_word' id='word_1_160' title='bbox 498 1472 547 1524; x_wconf 81' lang='lat' dir='ltr'>ego</span> <span class='ocrx_word' id='word_1_161' title='bbox 566 1464 621 1508; x_wconf 90' lang='lat' dir='ltr'>tam</span> <span class='ocrx_word' id='word_1_162' title='bbox 641 1454 755 1508; x_wconf 82' lang='lat' dir='ltr'>furiosae</span> <span class='ocrx_word' id='word_1_163' title='bbox 779 1456 997 1508; x_wconf 84' lang='lat' dir='ltr'>consternationis</span> 
     </span>
     <span class='ocr_line' id='line_1_20' title="bbox 86 1524 994 1592; baseline 0.001 -16"><span class='ocrx_word' id='word_1_164' title='bbox 86 1524 190 1592; x_wconf 90' lang='lat' dir='ltr'>oblitus,</span> <span class='ocrx_word' id='word_1_165' title='bbox 204 1525 325 1578; x_wconf 89' lang='lat' dir='ltr'>remedia</span> <span class='ocrx_word' id='word_1_166' title='bbox 337 1524 529 1584; x_wconf 81' lang='lat' dir='ltr'>insanabilibus</span> <span class='ocrx_word' id='word_1_167' title='bbox 541 1542 618 1577; x_wconf 89' lang='lat' dir='ltr'>conor</span> <span class='ocrx_word' id='word_1_168' title='bbox 630 1524 768 1577; x_wconf 86' lang='lat' dir='ltr'>adhibere.</span> <span class='ocrx_word' id='word_1_169' title='bbox 804 1525 919 1578; x_wconf 90' lang='lat' dir='ltr'>Omnem</span> <span class='ocrx_word' id='word_1_170' title='bbox 937 1524 994 1577; x_wconf 90' lang='lat' dir='ltr'>her·</span> 
     </span>
     <span class='ocr_line' id='line_1_21' title="bbox 85 1593 996 1664; baseline 0 -18"><span class='ocrx_word' id='word_1_171' title='bbox 85 1595 146 1647; x_wconf 91' lang='lat' dir='ltr'>cule</span> <span class='ocrx_word' id='word_1_172' title='bbox 159 1611 242 1663; x_wconf 90' lang='lat' dir='ltr'>spem,</span> <span class='ocrx_word' id='word_1_173' title='bbox 255 1611 337 1663; x_wconf 90' lang='lat' dir='ltr'>quam</span> <span class='ocrx_word' id='word_1_174' title='bbox 355 1611 389 1648; x_wconf 81' lang='lat' dir='ltr'>ex</span> <span class='ocrx_word' id='word_1_175' title='bbox 408 1593 484 1648; x_wconf 86' lang='lat' dir='ltr'>vobis</span> <span class='ocrx_word' id='word_1_176' title='bbox 502 1611 685 1664; x_wconf 81' lang='lat' dir='ltr'>conceperam,</span> <span class='ocrx_word' id='word_1_177' title='bbox 698 1593 803 1664; x_wconf 88' lang='lat' dir='ltr'>damno,</span> <span class='ocrx_word' id='word_1_178' title='bbox 816 1611 867 1648; x_wconf 90' lang='lat' dir='ltr'>nec</span> <span class='ocrx_word' id='word_1_179' title='bbox 885 1602 914 1646; x_wconf 92' lang='lat' dir='ltr'>ut</span> <span class='ocrx_word' id='word_1_180' title='bbox 932 1611 996 1646; x_wconf 88' lang='lat' dir='ltr'>eum</span> 
     </span>
     <span class='ocr_line' id='line_1_22' title="bbox 85 1662 995 1733; baseline -0.001 -17"><span class='ocrx_word' id='word_1_181' title='bbox 85 1663 214 1717; x_wconf 92' lang='lat' dir='ltr'>militibus</span> <span class='ocrx_word' id='word_1_182' title='bbox 226 1665 302 1732; x_wconf 91' lang='lat' dir='ltr'>meis,</span> <span class='ocrx_word' id='word_1_183' title='bbox 314 1663 370 1733; x_wconf 88' lang='lat' dir='ltr'>jam</span> <span class='ocrx_word' id='word_1_184' title='bbox 383 1663 456 1716; x_wconf 90' lang='lat' dir='ltr'>enim</span> <span class='ocrx_word' id='word_1_185' title='bbox 468 1680 528 1716; x_wconf 91' lang='lat' dir='ltr'>esse</span> <span class='ocrx_word' id='word_1_186' title='bbox 540 1663 653 1732; x_wconf 87' lang='lat' dir='ltr'>desistis,</span> <span class='ocrx_word' id='word_1_187' title='bbox 668 1662 714 1716; x_wconf 88' lang='lat' dir='ltr'>sed</span> <span class='ocrx_word' id='word_1_188' title='bbox 733 1672 762 1716; x_wconf 90' lang='lat' dir='ltr'>ut</span> <span class='ocrx_word' id='word_1_189' title='bbox 780 1681 843 1717; x_wconf 91' lang='lat' dir='ltr'>cum</span> <span class='ocrx_word' id='word_1_190' title='bbox 855 1664 995 1732; x_wconf 88' lang='lat' dir='ltr'>ingratissi-</span> 
     </span>
     <span class='ocr_line' id='line_1_23' title="bbox 85 1732 995 1802; baseline -0.002 -16"><span class='ocrx_word' id='word_1_191' title='bbox 85 1734 138 1786; x_wconf 90' lang='lat' dir='ltr'>mis</span> <span class='ocrx_word' id='word_1_192' title='bbox 148 1732 245 1801; x_wconf 86' lang='lat' dir='ltr'>operis⁵</span> <span class='ocrx_word' id='word_1_193' title='bbox 256 1750 336 1802; x_wconf 86' lang='lat' dir='ltr'>agere</span> <span class='ocrx_word' id='word_1_194' title='bbox 348 1733 465 1786; x_wconf 86' lang='lat' dir='ltr'>decrevi.</span> <span class='ocrx_word' id='word_1_195' title='bbox 495 1732 624 1786; x_wconf 88' lang='lat' dir='ltr'>Secundis</span> <span class='ocrx_word' id='word_1_196' title='bbox 633 1733 718 1801; x_wconf 91' lang='lat' dir='ltr'>rebus,</span> <span class='ocrx_word' id='word_1_197' title='bbox 728 1749 797 1802; x_wconf 91' lang='lat' dir='ltr'>qnae</span> <span class='ocrx_word' id='word_1_198' title='bbox 807 1733 995 1786; x_wconf 88' lang='lat' dir='ltr'>circumfluunt</span> 
     </span>
     <span class='ocr_line' id='line_1_24' title="bbox 85 1801 996 1880; baseline -0.001 -26"><span class='ocrx_word' id='word_1_199' title='bbox 85 1819 139 1870; x_wconf 85' lang='lat' dir='ltr'>vos,</span> <span class='ocrx_word' id='word_1_200' title='bbox 165 1802 278 1855; x_wconf 87' lang='lat' dir='ltr'>insanire</span> <span class='ocrx_word' id='word_1_201' title='bbox 302 1801 435 1880; x_wconf 86' lang='lat' dir='ltr'>coepistis,</span> <span class='ocrx_word' id='word_1_202' title='bbox 460 1801 533 1855; x_wconf 91' lang='lat' dir='ltr'>obliti</span> <span class='ocrx_word' id='word_1_203' title='bbox 558 1810 642 1854; x_wconf 87' lang='lat' dir='ltr'>status</span> <span class='ocrx_word' id='word_1_204' title='bbox 669 1801 736 1871; x_wconf 85' lang='lat' dir='ltr'>ejus,</span> <span class='ocrx_word' id='word_1_205' title='bbox 760 1818 842 1870; x_wconf 88' lang='lat' dir='ltr'>quem</span> <span class='ocrx_word' id='word_1_206' title='bbox 866 1801 996 1855; x_wconf 86' lang='lat' dir='ltr'>beneficio</span> 
     </span>
     <span class='ocr_line' id='line_1_25' title="bbox 85 1869 995 1940; baseline 0 -18"><span class='ocrx_word' id='word_1_207' title='bbox 85 1871 196 1924; x_wconf 86' lang='lat' dir='ltr'>exuistis</span> <span class='ocrx_word' id='word_1_208' title='bbox 209 1887 278 1939; x_wconf 88' lang='lat' dir='ltr'>meo,</span> <span class='ocrx_word' id='word_1_209' title='bbox 290 1869 362 1937; x_wconf 87' lang='lat' dir='ltr'>digni</span> <span class='ocrx_word' id='word_1_210' title='bbox 380 1870 496 1938; x_wconf 87' lang='lat' dir='ltr'>hercule,</span> <span class='ocrx_word' id='word_1_211' title='bbox 509 1870 555 1938; x_wconf 91' lang='lat' dir='ltr'>qui</span> <span class='ocrx_word' id='word_1_212' title='bbox 568 1871 595 1922; x_wconf 94' lang='lat' dir='ltr'>in</span> <span class='ocrx_word' id='word_1_213' title='bbox 608 1869 704 1923; x_wconf 89' lang='lat' dir='ltr'>eodem</span> <span class='ocrx_word' id='word_1_214' title='bbox 716 1871 919 1940; x_wconf 87' lang='lat' dir='ltr'>consenescatis,</span> <span class='ocrx_word' id='word_1_215' title='bbox 932 1885 995 1939; x_wconf 92' lang='lat' dir='ltr'>quo·</span> 
     </span>
     <span class='ocr_line' id='line_1_26' title="bbox 85 1938 995 2008; baseline -0.002 -16"><span class='ocrx_word' id='word_1_216' title='bbox 85 1940 158 1992; x_wconf 90' lang='lat' dir='ltr'>niam</span> <span class='ocrx_word' id='word_1_217' title='bbox 176 1938 280 1992; x_wconf 86' lang='lat' dir='ltr'>facilius</span> <span class='ocrx_word' id='word_1_218' title='bbox 300 1946 341 1991; x_wconf 84' lang='lat' dir='ltr'>est</span> <span class='ocrx_word' id='word_1_219' title='bbox 358 1938 434 1992; x_wconf 89' lang='lat' dir='ltr'>vobis</span> <span class='ocrx_word' id='word_1_220' title='bbox 458 1938 607 2008; x_wconf 86' lang='lat' dir='ltr'>adversam,</span> <span class='ocrx_word' id='word_1_221' title='bbox 626 1955 709 2007; x_wconf 88' lang='lat' dir='ltr'>quam</span> <span class='ocrx_word' id='word_1_222' title='bbox 733 1939 879 1992; x_wconf 87' lang='lat' dir='ltr'>secundam</span> <span class='ocrx_word' id='word_1_223' title='bbox 904 1954 995 2006; x_wconf 80' lang='lat' dir='ltr'>regere</span> 
     </span>
     <span class='ocr_line' id='line_1_27' title="bbox 85 2006 995 2076; baseline 0.001 -16"><span class='ocrx_word' id='word_1_224' title='bbox 85 2008 227 2060; x_wconf 85' lang='lat' dir='ltr'>fortunam.</span> <span class='ocrx_word' id='word_1_225' title='bbox 264 2009 306 2061; x_wconf 87' lang='lat' dir='ltr'>En</span> <span class='ocrx_word' id='word_1_226' title='bbox 317 2006 443 2060; x_wconf 90' lang='lat' dir='ltr'>tandem!</span> <span class='ocrx_word' id='word_1_227' title='bbox 475 2007 622 2075; x_wconf 87' lang='lat' dir='ltr'>lllyriomm</span> <span class='ocrx_word' id='word_1_228' title='bbox 635 2007 713 2076; x_wconf 92' lang='lat' dir='ltr'>paulo</span> <span class='ocrx_word' id='word_1_229' title='bbox 725 2018 787 2060; x_wconf 88' lang='lat' dir='ltr'>ante</span> <span class='ocrx_word' id='word_1_230' title='bbox 808 2017 834 2060; x_wconf 88' lang='lat' dir='ltr'>et</span> <span class='ocrx_word' id='word_1_231' title='bbox 855 2009 995 2061; x_wconf 90' lang='lat' dir='ltr'>Persarum</span> 
     </span>
     <span class='ocr_line' id='line_1_28' title="bbox 85 2076 995 2146; baseline -0.002 -16"><span class='ocrx_word' id='word_1_232' title='bbox 85 2077 227 2130; x_wconf 87' lang='lat' dir='ltr'>tributariis</span> <span class='ocrx_word' id='word_1_233' title='bbox 246 2079 311 2129; x_wconf 80' lang='lat' dir='ltr'>Asia</span> <span class='ocrx_word' id='word_1_234' title='bbox 330 2085 358 2128; x_wconf 90' lang='lat' dir='ltr'>et</span> <span class='ocrx_word' id='word_1_235' title='bbox 379 2085 415 2128; x_wconf 87' lang='lat' dir='ltr'>tot</span> <span class='ocrx_word' id='word_1_236' title='bbox 434 2076 554 2145; x_wconf 87' lang='lat' dir='ltr'>gentium</span> <span class='ocrx_word' id='word_1_237' title='bbox 574 2077 657 2146; x_wconf 84' lang='lat' dir='ltr'>spolie</span> <span class='ocrx_word' id='word_1_238' title='bbox 677 2076 782 2129; x_wconf 86' lang='lat' dir='ltr'>fastidio</span> <span class='ocrx_word' id='word_1_239' title='bbox 806 2085 875 2130; x_wconf 85' lang='lat' dir='ltr'>sunt.</span> <span class='ocrx_word' id='word_1_240' title='bbox 912 2076 995 2129; x_wconf 90' lang='lat' dir='ltr'>Modo</span> 
     </span>
     <span class='ocr_line' id='line_1_29' title="bbox 85 2145 995 2267; baseline -0.001 -68"><span class='ocrx_word' id='word_1_241' title='bbox 85 2148 135 2200; x_wconf 87' lang='lat' dir='ltr'>sub</span> <span class='ocrx_word' id='word_1_242' title='bbox 148 2146 268 2216; x_wconf 90' lang='lat' dir='ltr'>Philippo</span> <span class='ocrx_word' id='word_1_243' title='bbox 281 2146 428 2199; x_wconf 86' lang='lat' dir='ltr'>seminudis</span> <span class='ocrx_word' id='word_1_244' title='bbox 445 2145 562 2198; x_wconf 86' lang='lat' dir='ltr'>amicula</span> <span class='ocrx_word' id='word_1_245' title='bbox 579 2163 613 2198; x_wconf 86' lang='lat' dir='ltr'>ex</span> <span class='ocrx_word' id='word_1_246' title='bbox 630 2162 744 2267; x_wconf 84' lang='lat' dir='ltr'>purpura</span> <span class='ocrx_word' id='word_1_247' title='bbox 763 2146 889 2217; x_wconf 80' lang='lat' dir='ltr'>sordent,⁸</span> <span class='ocrx_word' id='word_1_248' title='bbox 900 2163 995 2199; x_wconf 89' lang='lat' dir='ltr'>aurum</span> 
     </span>
     <span class='ocr_line' id='line_1_30' title="bbox 85 2215 996 2284; baseline 0 -16"><span class='ocrx_word' id='word_1_249' title='bbox 85 2223 113 2268; x_wconf 90' lang='lat' dir='ltr'>et</span> <span class='ocrx_word' id='word_1_250' title='bbox 132 2225 272 2284; x_wconf 84' lang='lat' dir='ltr'>argentum</span> <span class='ocrx_word' id='word_1_251' title='bbox 291 2215 360 2268; x_wconf 90' lang='lat' dir='ltr'>oculi</span> <span class='ocrx_word' id='word_1_252' title='bbox 381 2215 449 2267; x_wconf 87' lang='lat' dir='ltr'>ferre</span> <span class='ocrx_word' id='word_1_253' title='bbox 468 2231 520 2267; x_wconf 92' lang='lat' dir='ltr'>non</span> <span class='ocrx_word' id='word_1_254' title='bbox 540 2224 662 2284; x_wconf 88' lang='lat' dir='ltr'>possunt:</span> <span class='ocrx_word' id='word_1_255' title='bbox 691 2217 770 2283; x_wconf 86' lang='lat' dir='ltr'>ignea</span> <span class='ocrx_word' id='word_1_256' title='bbox 790 2217 861 2269; x_wconf 89' lang='lat' dir='ltr'>enim</span> <span class='ocrx_word' id='word_1_257' title='bbox 875 2233 937 2269; x_wconf 86' lang='lat' dir='ltr'>vasa</span> <span class='ocrx_word' id='word_1_258' title='bbox 950 2216 996 2268; x_wconf 92' lang='lat' dir='ltr'>de·</span> 
     </span>
     <span class='ocr_line' id='line_1_31' title="bbox 84 2284 996 2355; baseline 0 -18"><span class='ocrx_word' id='word_1_259' title='bbox 84 2284 207 2352; x_wconf 88' lang='lat' dir='ltr'>siderant,</span> <span class='ocrx_word' id='word_1_260' title='bbox 221 2292 248 2337; x_wconf 89' lang='lat' dir='ltr'>et</span> <span class='ocrx_word' id='word_1_261' title='bbox 260 2302 294 2338; x_wconf 87' lang='lat' dir='ltr'>eii</span> <span class='ocrx_word' id='word_1_262' title='bbox 306 2284 422 2337; x_wconf 87' lang='lat' dir='ltr'>cratibus</span> <span class='ocrx_word' id='word_1_263' title='bbox 434 2294 509 2337; x_wconf 87' lang='lat' dir='ltr'>scuta</span> <span class='ocrx_word' id='word_1_264' title='bbox 527 2285 729 2355; x_wconf 80' lang='lat' dir='ltr'>robiginemque</span> <span class='ocrx_word' id='word_1_265' title='bbox 746 2285 902 2354; x_wconf 86' lang='lat' dir='ltr'>gladiorum.</span> <span class='ocrx_word' id='word_1_266' title='bbox 939 2285 996 2337; x_wconf 89' lang='lat' dir='ltr'>Hoc</span> 
     </span>
     <span class='ocr_line' id='line_1_32' title="bbox 85 2354 993 2423; baseline -0.001 -16"><span class='ocrx_word' id='word_1_267' title='bbox 85 2355 158 2407; x_wconf 85' lang='lat' dir='ltr'>cultu</span> <span class='ocrx_word' id='word_1_268' title='bbox 176 2355 291 2407; x_wconf 89' lang='lat' dir='ltr'>nitentes</span> <span class='ocrx_word' id='word_1_269' title='bbox 309 2372 355 2407; x_wconf 89' lang='lat' dir='ltr'>vos</span> <span class='ocrx_word' id='word_1_270' title='bbox 372 2354 473 2422; x_wconf 86' lang='lat' dir='ltr'>accepi,</span> <span class='ocrx_word' id='word_1_271' title='bbox 494 2362 520 2406; x_wconf 91' lang='lat' dir='ltr'>et</span> <span class='ocrx_word' id='word_1_272' title='bbox 538 2355 683 2423; x_wconf 87' lang='lat' dir='ltr'>quingenta</span> <span class='ocrx_word' id='word_1_273' title='bbox 701 2354 800 2407; x_wconf 88' lang='lat' dir='ltr'>talenta</span> <span class='ocrx_word' id='word_1_274' title='bbox 817 2356 886 2407; x_wconf 89' lang='lat' dir='ltr'>aeris</span> <span class='ocrx_word' id='word_1_275' title='bbox 903 2354 993 2422; x_wconf 89' lang='lat' dir='ltr'>alieni,</span> 
     </span>
     <span class='ocr_line' id='line_1_33' title="bbox 85 2422 995 2492; baseline 0 -17"><span class='ocrx_word' id='word_1_276' title='bbox 85 2441 147 2476; x_wconf 89' lang='lat' dir='ltr'>oum</span> <span class='ocrx_word' id='word_1_277' title='bbox 171 2423 257 2476; x_wconf 90' lang='lat' dir='ltr'>omnis</span> <span class='ocrx_word' id='word_1_278' title='bbox 279 2425 352 2491; x_wconf 87' lang='lat' dir='ltr'>regia</span> <span class='ocrx_word' id='word_1_279' title='bbox 375 2423 495 2492; x_wconf 83' lang='lat' dir='ltr'>supellex</span> <span class='ocrx_word' id='word_1_280' title='bbox 520 2422 591 2475; x_wconf 87' lang='lat' dir='ltr'>haud</span> <span class='ocrx_word' id='word_1_281' title='bbox 614 2423 730 2491; x_wconf 90' lang='lat' dir='ltr'>amplius</span> <span class='ocrx_word' id='word_1_282' title='bbox 752 2440 835 2492; x_wconf 90' lang='lat' dir='ltr'>quam</span> <span class='ocrx_word' id='word_1_283' title='bbox 858 2423 995 2490; x_wconf 82' lang='lat' dir='ltr'>sexaginta</span> 
     </span>
     <span class='ocr_line' id='line_1_34' title="bbox 85 2491 995 2562; baseline 0 -18"><span class='ocrx_word' id='word_1_284' title='bbox 85 2492 243 2545; x_wconf 88' lang='lat' dir='ltr'>talentorum</span> <span class='ocrx_word' id='word_1_285' title='bbox 273 2501 352 2562; x_wconf 87' lang='lat' dir='ltr'>esset,</span> <span class='ocrx_word' id='word_1_286' title='bbox 376 2509 496 2544; x_wconf 92' lang='lat' dir='ltr'>meorum</span> <span class='ocrx_word' id='word_1_287' title='bbox 527 2509 637 2561; x_wconf 91' lang='lat' dir='ltr'>operum</span> <span class='ocrx_word' id='word_1_288' title='bbox 667 2491 849 2544; x_wconf 84' lang='lat' dir='ltr'>fundamenta.</span> <span class='ocrx_word' id='word_1_289' title='bbox 892 2491 995 2549; x_wconf 79' lang='lat' dir='ltr'>Quibus</span> 
     </span>
     <span class='ocr_line' id='line_1_35' title="bbox 85 2560 996 2632; baseline 0 -19"><span class='ocrx_word' id='word_1_290' title='bbox 85 2570 176 2614; x_wconf 87' lang='lat' dir='ltr'>tamen</span> <span class='ocrx_word' id='word_1_291' title='bbox 200 2561 279 2631; x_wconf 81' lang='lat' dir='ltr'>(absit</span> <span class='ocrx_word' id='word_1_292' title='bbox 304 2560 414 2632; x_wconf 79' lang='lat' dir='ltr'>invidia)</span> <span class='ocrx_word' id='word_1_293' title='bbox 438 2561 580 2629; x_wconf 88' lang='lat' dir='ltr'>imperium</span> <span class='ocrx_word' id='word_1_294' title='bbox 604 2561 739 2614; x_wconf 84' lang='lat' dir='ltr'>maximae</span> <span class='ocrx_word' id='word_1_295' title='bbox 763 2569 891 2614; x_wconf 89' lang='lat' dir='ltr'>terrarum</span> <span class='ocrx_word' id='word_1_296' title='bbox 915 2561 996 2630; x_wconf 87' lang='lat' dir='ltr'>partis</span> 
     </span>
     <span class='ocr_line' id='line_1_36' title="bbox 85 2629 994 2700; baseline 0.001 -17"><span class='ocrx_word' id='word_1_297' title='bbox 85 2630 218 2700; x_wconf 74' lang='lat' dir='ltr'>imposui.⁷</span> <span class='ocrx_word' id='word_1_298' title='bbox 254 2631 369 2684; x_wconf 86' lang='lat' dir='ltr'>Asiaene</span> <span class='ocrx_word' id='word_1_299' title='bbox 393 2639 545 2699; x_wconf 84' lang='lat' dir='ltr'>pertaesum</span> <span class='ocrx_word' id='word_1_300' title='bbox 570 2640 618 2699; x_wconf 88' lang='lat' dir='ltr'>est,</span> <span class='ocrx_word' id='word_1_301' title='bbox 637 2647 707 2700; x_wconf 93' lang='lat' dir='ltr'>quae</span> <span class='ocrx_word' id='word_1_302' title='bbox 730 2646 777 2682; x_wconf 83' lang='lat' dir='ltr'>vos</span> <span class='ocrx_word' id='word_1_303' title='bbox 799 2629 882 2698; x_wconf 87' lang='lat' dir='ltr'>gloria</span> <span class='ocrx_word' id='word_1_304' title='bbox 906 2647 994 2684; x_wconf 89' lang='lat' dir='ltr'>rerum</span> 
     </span>
     <span class='ocr_line' id='line_1_37' title="bbox 84 2699 995 2770; baseline 0 -18"><span class='ocrx_word' id='word_1_305' title='bbox 84 2710 220 2768; x_wconf 86' lang='lat' dir='ltr'>gestarum</span> <span class='ocrx_word' id='word_1_306' title='bbox 238 2699 289 2752; x_wconf 89' lang='lat' dir='ltr'>diis</span> <span class='ocrx_word' id='word_1_307' title='bbox 306 2717 383 2770; x_wconf 90' lang='lat' dir='ltr'>praes</span> <span class='ocrx_word' id='word_1_308' title='bbox 401 2699 484 2752; x_wconf 75' lang='lat' dir='ltr'>leoitl</span> <span class='ocrx_word' id='word_1_309' title='bbox 521 2700 551 2752; x_wconf 91' lang='lat' dir='ltr'>ln</span> <span class='ocrx_word' id='word_1_310' title='bbox 569 2700 704 2769; x_wconf 87' lang='lat' dir='ltr'>Europam</span> <span class='ocrx_word' id='word_1_311' title='bbox 716 2699 754 2752; x_wconf 92' lang='lat' dir='ltr'>ire</span> <span class='ocrx_word' id='word_1_312' title='bbox 767 2699 919 2769; x_wconf 90' lang='lat' dir='ltr'>properatis,</span> <span class='ocrx_word' id='word_1_313' title='bbox 933 2716 995 2768; x_wconf 84' lang='lat' dir='ltr'>rege</span> 
     </span>
    </p>
   </div>
   <div class='ocr_carea' id='block_1_3' title="bbox 83 2818 993 3469">
    <p class='ocr_par' dir='ltr' id='par_1_4' title="bbox 114 2818 784 2880">
     <span class='ocr_line' id='line_1_38' title="bbox 114 2818 784 2880; baseline 0.003 -14"><span class='ocrx_word' id='word_1_314' title='bbox 114 2825 121 2847; x_wconf 87' lang='lat'>²</span> <span class='ocrx_word' id='word_1_315' title='bbox 135 2818 298 2880; x_wconf 85' lang='lat' dir='ltr'>‘Knowledge</span> <span class='ocrx_word' id='word_1_316' title='bbox 310 2828 335 2866; x_wconf 95' lang='lat' dir='ltr'>to</span> <span class='ocrx_word' id='word_1_317' title='bbox 345 2828 454 2878; x_wconf 80' lang='lat' dir='ltr'>separate</span> <span class='ocrx_word' id='word_1_318' title='bbox 466 2818 506 2866; x_wconf 90' lang='lat' dir='ltr'>the</span> <span class='ocrx_word' id='word_1_319' title='bbox 517 2834 563 2866; x_wconf 90' lang='lat' dir='ltr'>one</span> <span class='ocrx_word' id='word_1_320' title='bbox 574 2819 635 2867; x_wconf 82' lang='lat' dir='ltr'>from</span> <span class='ocrx_word' id='word_1_321' title='bbox 646 2818 687 2866; x_wconf 92' lang='lat' dir='ltr'>the</span> <span class='ocrx_word' id='word_1_322' title='bbox 698 2819 784 2868; x_wconf 66' lang='lat' dir='ltr'>other!</span> 
     </span>
    </p>

    <p class='ocr_par' dir='ltr' id='par_1_5' title="bbox 83 2877 993 3173">
     <span class='ocr_line' id='line_1_39' title="bbox 113 2877 993 2939; baseline 0.003 -14"><span class='ocrx_word' id='word_1_323' title='bbox 113 2883 122 2907; x_wconf 81' lang='lat'>²</span> <span class='ocrx_word' id='word_1_324' title='bbox 135 2879 188 2926; x_wconf 88' lang='lat' dir='ltr'>‘To</span> <span class='ocrx_word' id='word_1_325' title='bbox 199 2879 268 2938; x_wconf 87' lang='lat' dir='ltr'>bring</span> <span class='ocrx_word' id='word_1_326' title='bbox 279 2878 358 2926; x_wconf 68' lang='lat' dir='ltr'>beck!</span> <span class='ocrx_word' id='word_1_327' title='bbox 390 2878 420 2927; x_wconf 92' lang='lat' dir='ltr'>ln</span> <span class='ocrx_word' id='word_1_328' title='bbox 430 2878 471 2926; x_wconf 92' lang='lat' dir='ltr'>the</span> <span class='ocrx_word' id='word_1_329' title='bbox 483 2878 629 2937; x_wconf 85' lang='lat' dir='ltr'>preposition</span> <span class='ocrx_word' id='word_1_330' title='bbox 639 2881 668 2925; x_wconf 83' lang='lat' dir='ltr'>de</span> <span class='ocrx_word' id='word_1_331' title='bbox 678 2877 746 2926; x_wconf 88' lang='lat' dir='ltr'>there</span> <span class='ocrx_word' id='word_1_332' title='bbox 757 2879 778 2927; x_wconf 91' lang='lat' dir='ltr'>is</span> <span class='ocrx_word' id='word_1_333' title='bbox 789 2879 887 2939; x_wconf 90' lang='lat' dir='ltr'>implied</span> <span class='ocrx_word' id='word_1_334' title='bbox 898 2879 939 2927; x_wconf 90' lang='lat' dir='ltr'>the</span> <span class='ocrx_word' id='word_1_335' title='bbox 950 2879 993 2928; x_wconf 86' lang='lat' dir='ltr'>ad·</span> 
     </span>
     <span class='ocr_line' id='line_1_40' title="bbox 84 2937 990 2998; baseline 0.002 -14"><span class='ocrx_word' id='word_1_336' title='bbox 84 2937 184 2984; x_wconf 87' lang='lat' dir='ltr'>ditional</span> <span class='ocrx_word' id='word_1_337' title='bbox 199 2952 270 2985; x_wconf 88' lang='lat' dir='ltr'>sense</span> <span class='ocrx_word' id='word_1_338' title='bbox 281 2937 309 2984; x_wconf 85' lang='lat' dir='ltr'>os</span> <span class='ocrx_word' id='word_1_339' title='bbox 324 2937 429 2994; x_wconf 67' lang='lat' dir='ltr'>‘home&#39;</span> <span class='ocrx_word' id='word_1_340' title='bbox 444 2943 485 2984; x_wconf 77' lang='lat' dir='ltr'>‘to</span> <span class='ocrx_word' id='word_1_341' title='bbox 495 2938 564 2985; x_wconf 88' lang='lat' dir='ltr'>one’s</span> <span class='ocrx_word' id='word_1_342' title='bbox 576 2937 656 2985; x_wconf 85' lang='lat' dir='ltr'>native</span> <span class='ocrx_word' id='word_1_343' title='bbox 667 2939 789 2998; x_wconf 82' lang='lat' dir='ltr'>country,’</span> <span class='ocrx_word' id='word_1_344' title='bbox 802 2954 829 2988; x_wconf 88' lang='lat' dir='ltr'>as</span> <span class='ocrx_word' id='word_1_345' title='bbox 840 2939 865 2986; x_wconf 93' lang='lat' dir='ltr'>iii</span> <span class='ocrx_word' id='word_1_346' title='bbox 875 2941 990 2995; x_wconf 78' lang='lat' dir='ltr'>decedere,</span> 
     </span>
     <span class='ocr_line' id='line_1_41' title="bbox 83 3000 992 3124; baseline 0.001 -22"><span class='ocrx_word' id='word_1_347' title='bbox 83 3000 221 3124; x_wconf 32' lang='lat' dir='ltr'>&amp;ilerden</span> <span class='ocrx_word' id='word_1_348' title='bbox 237 3070 310 3103; x_wconf 86' lang='lat' dir='ltr'>never</span> <span class='ocrx_word' id='word_1_349' title='bbox 325 3055 355 3102; x_wconf 88' lang='lat' dir='ltr'>be</span> <span class='ocrx_word' id='word_1_350' title='bbox 371 3054 494 3123; x_wconf 65' lang='lat' dir='ltr'>brought,’</span> <span class='ocrx_word' id='word_1_351' title='bbox 507 3054 613 3123; x_wconf 76' lang='lat' dir='ltr'>hemely,</span> <span class='ocrx_word' id='word_1_352' title='bbox 629 3059 668 3123; x_wconf 76' lang='lat' dir='ltr'>‘to</span> <span class='ocrx_word' id='word_1_353' title='bbox 679 3054 781 3105; x_wconf 86' lang='lat' dir='ltr'>believe’</span> <span class='ocrx_word' id='word_1_354' title='bbox 790 3072 859 3104; x_wconf 89' lang='lat' dir='ltr'>-aii</span> <span class='ocrx_word' id='word_1_355' title='bbox 874 3056 992 3104; x_wconf 88' lang='lat' dir='ltr'>omission</span> 
     </span>
     <span class='ocr_line' id='line_1_42' title="bbox 84 3114 694 3173; baseline 0.003 -13"><span class='ocrx_word' id='word_1_356' title='bbox 84 3114 163 3161; x_wconf 82' lang='lat' dir='ltr'>which</span> <span class='ocrx_word' id='word_1_357' title='bbox 176 3130 195 3162; x_wconf 92' lang='lat' dir='ltr'>rs</span> <span class='ocrx_word' id='word_1_358' title='bbox 208 3124 248 3162; x_wconf 90' lang='lat' dir='ltr'>not</span> <span class='ocrx_word' id='word_1_359' title='bbox 259 3114 403 3172; x_wconf 84' lang='lat' dir='ltr'>unfrequent</span> <span class='ocrx_word' id='word_1_360' title='bbox 415 3114 475 3162; x_wconf 89' lang='lat' dir='ltr'>with</span> <span class='ocrx_word' id='word_1_361' title='bbox 486 3114 535 3162; x_wconf 90' lang='lat' dir='ltr'>this</span> <span class='ocrx_word' id='word_1_362' title='bbox 546 3129 694 3173; x_wconf 78' lang='lat' dir='ltr'>expression.</span> 
     </span>
    </p>

    <p class='ocr_par' dir='ltr' id='par_1_6' title="bbox 113 3172 845 3279">
     <span class='ocr_line' id='line_1_43' title="bbox 113 3172 845 3279; baseline 0.004 -60"><span class='ocrx_word' id='word_1_363' title='bbox 113 3174 150 3263; x_wconf 56' lang='lat' dir='ltr'>:pl</span> <span class='ocrx_word' id='word_1_364' title='bbox 169 3173 274 3279; x_wconf 58' lang='lat' dir='ltr'>uivkalepp</span> <span class='ocrx_word' id='word_1_365' title='bbox 286 3183 311 3254; x_wconf 63' lang='lat' dir='ltr'>po</span> <span class='ocrx_word' id='word_1_366' title='bbox 321 3189 372 3220; x_wconf 80' lang='lat' dir='ltr'>cum</span> <span class='ocrx_word' id='word_1_367' title='bbox 383 3175 416 3234; x_wconf 87' lang='lat' dir='ltr'>by</span> <span class='ocrx_word' id='word_1_368' title='bbox 426 3173 498 3221; x_wconf 83' lang='lat' dir='ltr'>itself.</span> <span class='ocrx_word' id='word_1_369' title='bbox 531 3172 649 3234; x_wconf 84' lang='lat' dir='ltr'>Compare</span> <span class='ocrx_word' id='word_1_370' title='bbox 661 3173 759 3235; x_wconf 84' lang='lat' dir='ltr'>Zumpt,</span> <span class='ocrx_word' id='word_1_371' title='bbox 772 3174 845 3226; x_wconf 74' lang='lat' dir='ltr'>l5b5.</span> 
     </span>
    </p>

    <p class='ocr_par' dir='ltr' id='par_1_7' title="bbox 83 3248 989 3469">
     <span class='ocr_line' id='line_1_44' title="bbox 110 3248 989 3372; baseline 0.003 -34"><span class='ocrx_word' id='word_1_372' title='bbox 110 3248 342 3339; x_wconf 51' lang='lat' dir='ltr'>“Tdrtiise&#39;who</span> <span class='ocrx_word' id='word_1_373' title='bbox 359 3300 398 3339; x_wconf 94' lang='lat' dir='ltr'>not</span> <span class='ocrx_word' id='word_1_374' title='bbox 417 3290 474 3352; x_wconf 80' lang='lat' dir='ltr'>long</span> <span class='ocrx_word' id='word_1_375' title='bbox 490 3306 544 3372; x_wconf 66' lang='lat' dir='ltr'>eqo,</span> <span class='ocrx_word' id='word_1_376' title='bbox 557 3292 633 3360; x_wconf 84' lang='lat' dir='ltr'>under</span> <span class='ocrx_word' id='word_1_377' title='bbox 650 3291 740 3353; x_wconf 85' lang='lat' dir='ltr'>Philip,</span> <span class='ocrx_word' id='word_1_378' title='bbox 757 3306 822 3340; x_wconf 78' lang='lat' dir='ltr'>were</span> <span class='ocrx_word' id='word_1_379' title='bbox 837 3290 989 3349; x_wconf 83' lang='lat' dir='ltr'>hals-naked,</span> 
     </span>
     <span class='ocr_line' id='line_1_45' title="bbox 83 3349 872 3469; baseline -0.003 -14"><span class='ocrx_word' id='word_1_380' title='bbox 83 3349 798 3469; x_wconf 45' lang='lat' dir='ltr'>uertiteteretrum.brutarum</span> <span class='ocrx_word' id='word_1_381' title='bbox 814 3406 872 3453; x_wconf 60' lang='lat' dir='ltr'>t...</span> 
     </span>
    </p>
   </div>
   <div class='ocr_carea' id='block_1_4' title="bbox 184 3468 597 3527">
    <p class='ocr_par' dir='ltr' id='par_1_8' title="bbox 184 3468 597 3527">
     <span class='ocr_line' id='line_1_46' title="bbox 184 3468 597 3527; baseline 0.012 -8"><span class='ocrx_word' id='word_1_382' title='bbox 184 3471 220 3520; x_wconf 81' lang='lat'>20</span> <span class='ocrx_word' id='word_1_383' title='bbox 311 3476 320 3525; x_wconf 75' lang='grc'>,’</span> <span class='ocrx_word' id='word_1_384' title='bbox 526 3468 597 3527; x_wconf 71' lang='lat' dir='ltr'>ii‘z‘</span> 
     </span>
    </p>
   </div>
   <div class='ocr_carea' id='block_1_5' title="bbox 0 0 1142 3772">
    <p class='ocr_par' dir='ltr' id='par_1_9' title="bbox 0 0 1142 3772">
     <span class='ocr_line' id='line_1_47' title="bbox 0 0 1142 3772; baseline 0 0"><span class='ocrx_word' id='word_1_385' title='bbox 0 0 1142 3772; x_wconf 95' lang='lat' dir='ltr'> </span> 
     </span>
    </p>
   </div>
  </div>
 </body>
</html>
