2274 3772
114 24 170 81 ltu
376 40 415 79 un
439 39 545 79 essars
567 38 753 79 ansxsnmu.

110 147 200 202 habitu
213 149 336 218 corporis.
371 149 464 216 ltaque
481 162 543 199 eum
561 147 644 216 pedes
661 147 747 200 imum
764 144 878 215 gradum
893 162 948 200 uon
960 160 1024 201 cun·

111 222 248 286 tingerent,
268 235 337 270 unua
356 234 390 270 ex
410 216 488 284 regiis
507 217 596 284 pueris
614 232 736 268 mensam
757 215 875 269 subdidit
895 217 1021 286 pedibus.

51 313 53 317 ·
111 287 145 339 Et
168 303 231 339 curn
254 287 406 356 spadonem,
426 286 472 356 qui
496 284 575 338 Darei
598 285 690 354 fuerat,
715 285 936 354 ingemiscentem
960 302 1022 339 con·

111 356 240 426 spexisset
252 373 304 426 rex,
318 373 427 408 causam
438 354 586 407 maestitiae
604 355 748 424 requisivit.
784 353 832 407 Ille
846 355 957 425 indicat,
971 357 1022 409 Da·

111 441 186 481 reum
206 426 279 477 vesci
303 426 327 477 in
352 442 385 477 ea
405 424 518 493 solitum,
540 440 621 492 seque
642 440 744 476 sacram
764 423 823 493 ejus
842 441 965 478 mensam
985 426 1020 479 ad

110 492 253 547 ludibrium
277 494 439 547 recidentem
463 493 520 545 sine
543 492 658 545 lacrimis
680 495 831 563 conspicere
855 509 906 546 non
930 510 1019 564 posse.

111 562 194 616 Subiit
207 580 267 632 ergo
281 580 370 632 regern
382 563 541 614 verecundia
553 561 666 614 violandi
685 561 827 630 hospitales
837 562 911 616 deos.
948 564 1021 617 Jam-

128 650 162 685 ue
186 633 297 686 subduci
318 631 435 703 iubebat,
460 648 522 684 cum
545 630 687 684 Philotas:¹
716 632 830 685 Minime
853 633 928 684 vero²
943 633 1020 701 ,haec

110 649 214 771 feceris,
228 719 280 770 rex,
295 704 340 754 sed
353 718 431 754 omen
445 716 549 769 quoque
561 701 660 769 accipe,
673 717 802 772 mensam,
815 717 850 754 ex
860 718 914 771 qua
925 702 1020 756 libavit

112 771 195 823 hostis
207 772 316 840 epulasl,
330 772 383 823 tuis
394 770 507 839 pedibus
518 787 578 822 esse
590 769 747 839 subjectam.

146 844 169 891 9.
192 841 259 907 Rex,
282 840 397 893 Persidis
418 840 512 892 finem⁴
533 838 660 909 aditurus,
685 839 750 892 Susa
773 839 867 893 urbem
886 840 1019 893 Archelao

111 915 139 962 et
162 909 322 978 praesidium
345 910 381 962 111
404 909 509 961 milium
538 908 658 960 tradidit:
687 908 835 979 Xenophilo
859 909 930 962 arcis
956 926 1020 962 cura

111 978 237 1031 mandata
255 985 303 1047 est,
323 978 504 1032 Macedonum
522 985 610 1030 aetate
629 977 756 1045 gravibus
778 977 930 1048 praesidere
951 980 1020 1033 areis

111 1047 247 1103 custodiae
275 1047 371 1117 jussis:
402 1047 584 1101 thesaumrum
611 1046 743 1100 Callicrati
767 1046 850 1100 tutela
873 1049 1017 1118 permissa:

112 1127 182 1170 satra
201 1135 233 1170 ea
245 1118 359 1186 regionis
370 1117 497 1170 Susianae
516 1117 636 1170 restituta
648 1116 781 1170 Abulitae.
817 1117 937 1170 Matrem
958 1134 1018 1188 quo·

130 1204 148 1240 u
175 1200 177 1209 ¹
219 1187 253 1240 rei
266 1195 293 1240 et
305 1186 401 1239 liberos
413 1187 438 1239 in
452 1185 548 1239 eadem
560 1186 625 1246 urbe
641 1185 758 1256 deponit.
794 1185 1019 1240 AcforteMace·

112 1204 220 1308 danicos
239 1265 326 1308 vestes
350 1255 514 1324 multamque
538 1272 688 1325 purpuram,
708 1255 775 1309 dono
799 1272 833 1308 ex
856 1256 1019 1310 Macedonia

112 1325 161 1378 sibi
188 1325 306 1393 missam,
332 1341 394 1377 cum
420 1323 469 1391 his,
488 1340 558 1393 quae
583 1324 757 1396 confecerant,
780 1325 846 1378 tradi
866 1324 1018 1396 Sisygambi

110 1393 202 1463 jubet:
221 1395 292 1445 omni
306 1410 421 1462 namque
433 1391 530 1445 honore
543 1410 604 1446 eam
617 1402 643 1446 et
661 1393 707 1446 filii
725 1410 830 1464 quoque
848 1395 950 1466 pietate
962 1412 1018 1465 pro-

113 1462 288 1531 sequebatur:
313 1461 503 1531 admonerique
526 1462 609 1532 jussit,
631 1472 658 1516 ut
677 1464 698 1515 si
716 1464 788 1517 cordi
807 1480 913 1535 quoque
934 1466 1018 1518 vestis

112 1539 190 1600 esset,
210 1531 339 1584 conficere
357 1547 419 1584 eam
441 1539 535 1600 neptes
558 1547 620 1584 suas
642 1533 829 1603 assuefaceret,
848 1534 971 1603 donoque
989 1550 1020 1587 ss

112 1600 218 1654 doceret
239 1601 321 1655 dare.⁶
356 1600 397 1654 Ad
419 1599 488 1653 hanc
500 1617 595 1653 vocem
615 1601 741 1655 lacrimae
760 1602 866 1656 obortae
878 1603 1019 1674 prodidere

111 1671 231 1724 animum
249 1670 415 1741 aspernantis
432 1667 460 1722 id
478 1687 589 1740 munus,
607 1671 705 1740 quippe
724 1688 775 1724 non
793 1671 866 1725 aliud
885 1673 975 1741 magis
992 1673 1019 1727 iu

111 1739 301 1794 contumeliam
320 1741 456 1794 Persarum
478 1739 593 1792 feminae
613 1740 755 1810 accipiunt,
774 1756 856 1822 quam
872 1741 1019 1796 admovere

110 1809 188 1866 lanae
206 1827 310 1863 manus.
345 1810 474 1863 Nuntiant
489 1813 534 1878 qui
547 1809 615 1862 dona
627 1808 747 1880 tulerant,
761 1819 861 1863 tristem
874 1827 934 1864 esse
946 1810 1018 1882 Sisy·

110 1879 236 1947 gambim,
256 1880 387 2000 dignaque
406 1897 448 1931 res
467 1887 493 1930 et
512 1880 681 1932 excusatione
701 1887 728 1931 et
746 1879 836 1932 solatio
855 1882 920 1932 visa.
956 1881 1018 1950 Ipse

111 1963 172 2014 ergo
185 1949 333 2017 pervenite
364 1967 432 2017 earn,
446 1956 480 2016 et,
494 1949 588 2018 Mater,
603 1949 694 2018 inquit,
708 1947 777 2001 hanc
789 1962 901 2016 vestem,
911 1966 966 2019 qua
978 1951 1018 2004 in·

111 2015 191 2068 dutus
203 2033 270 2085 sum,
284 2032 401 2069 sororum
413 2034 463 2068 non
476 2017 574 2069 donum
587 2017 680 2087 solum,
694 2017 741 2070 sed
754 2019 834 2071 etiarn
848 2034 915 2088 opus
925 2019 1016 2073 vides:

110 2085 191 2137 nostri
209 2084 339 2154 decepere
357 2102 402 2138 me
420 2102 514 2137 mores.
551 2087 629 2154 Cave,
645 2087 761 2157 obsecro,
781 2088 807 2140 in
826 2088 1019 2144 contumeliam

110 2153 254 2223 acceperise
267 2155 455 2222 ignorationem
466 2169 565 2207 meam.
595 2155 669 2213 Quae
683 2158 720 2209 tui
734 2157 813 2210 moris
826 2172 884 2209 esse
896 2160 1017 2230 cognovi,

110 2232 140 2277 ut
158 2241 240 2294 spero,
259 2222 365 2277 abunde
384 2232 486 2277 serrata
505 2233 573 2276 sunt.
609 2224 668 2278 Scio
686 2225 756 2296 apud
775 2243 822 2279 vos
839 2226 892 2278 filio
909 2228 936 2280 in
954 2244 1018 2282 con·

111 2303 205 2364 spectu
224 2293 314 2347 matris
332 2293 408 2346 nefas
426 2310 485 2346 esse
503 2293 648 2365 considere,
665 2295 716 2349 nisi
734 2312 796 2348 cum
815 2294 861 2347 illa
878 2296 1017 2364 permisit:

110 2364 334 2433 quotienscunque
353 2363 387 2416 ad
407 2372 434 2416 te
451 2364 521 2432 veni,
541 2364 625 2416 donee
643 2372 672 2417 ut
691 2364 856 2417 considerem
875 2376 1017 2437 annueres,

111 2433 214 2485 restiti.⁷
249 2433 428 2487 Procumbens
447 2434 567 2486 venerari
591 2449 636 2486 me
656 2450 737 2502 saepe
757 2433 878 2486 voluisti:
902 2434 1017 2491 inhibui.

111 2501 285 2555 Dulcissimae
297 2504 375 2555 matri
388 2503 538 2572 Olympiadi
551 2520 645 2555 nomeu
659 2502 781 2556 debitum
794 2503 840 2556 tibi
853 2503 943 2557 reddo.

139 2608 344 2669 ¹Supply‘said.’
377 2608 423 2656 See
435 2609 622 2667 Zumpr,u772.
982 2656 988 2664 ,

137 2670 148 2696 ¹
160 2666 219 2714 Vero
227 2669 287 2735 used
296 2678 320 2715 to
329 2668 431 2736 indicate
440 2683 454 2735 a
462 2669 537 2728 reply.
555 2669 601 2716 See
611 2668 709 2726 Zumpt,
720 2668 794 2737 §.2⁶⁶¹
805 2677 861 2716 note
873 2673 894 2725 1,
905 2669 1016 2738 andilli.

139 2729 148 2753 ³
158 2725 213 2772 The
224 2727 309 2785 simple
321 2742 433 2786 meaning
443 2743 472 2782 rs,
488 2733 527 2775 ‘to
538 2727 594 2774 take
605 2727 684 2775 foodr'
697 2728 745 2775 tlns
756 2742 812 2786 may
822 2729 853 2775 be
863 2728 925 2791 doqe
937 2729 1019 2779 either

110 2784 216 2852 l⁰.¹¹¹⁸k.⁶
227 2800 258 2832 an
268 2784 369 2891 offerinq
380 2795 404 2832 to
415 2785 456 2833 the
466 2786 535 2846 gods,
547 2801 574 2834 or
584 2786 620 2834 for
630 2787 699 2835 one's
710 2802 764 2835 own
774 2788 921 2847 enjoymeut.
949 2789 1017 2838 Here

110 2852 127 2890 rt
139 2858 158 2891 rs
169 2843 290 2903 evidently
303 2845 343 2891 the
364 2854 432 2891 atter.

137 2907 146 2930 ⁴
157 2902 184 2950 In
196 2903 237 2949 the
248 2902 406 2962 signification
417 2904 444 2951 of
451 2905 492 2951 the
503 2903 626 2965 bonndary
634 2905 662 2952 of
668 2921 683 2952 a
692 2913 794 2966 country
804 2919 831 2952 or
840 2905 961 2964 province,
972 2904 1016 2956 the

109 2961 547 3103 ptqqqlqecceqrguffioggrssqpffeqt>Ihm
557 3022 588 3070 he
599 3023 648 3077 (the
660 3023 727 3083 king)
736 3022 806 3071 made
813 3022 880 3071 them
891 3039 907 3071 a
915 3034 1015 3083 present

109 3079 250 3210 Of‘ltdooeis
261 3138 357 3246 usuallq
367 3139 479 3187 followed
489 3142 522 3199 by
532 3140 574 3188 the
584 3150 680 3199 present
692 3140 852 3248 subiunctus.
876 3141 932 3189 The
942 3151 1015 3190 exact

108 3213 220 3307 meaurnq
229 3197 290 3306 9ῑάιὲ
297 3207 339 3245 wrt
367 3198 408 3246 the
423 3199 513 3258 perfect
528 3214 609 3248 seems
624 3209 650 3248 to
660 3201 700 3257 be,
715 3204 721 3227 ⁶
752 3199 814 3261 hope
830 3215 878 3260 you
893 3200 955 3250 have
971 3209 1014 3250 aot

107 3272 256 3367 rotie‘lieba're
266 3294 388 3367 rebraiued
398 3317 527 3379 standing!
