2274 3772
113 125 153 181 36
374 139 413 179 na
438 139 544 178 caenis
566 135 750 179 xuaxsxunr.

113 248 339 318 implicabantur,¹
357 247 463 316 levique
476 255 502 298 et
514 263 582 299 vano
600 247 652 298 ictu
672 263 757 316 pauca
776 246 799 301 in
819 247 930 318 hostem,
944 247 1026 317 plura

113 318 138 371 in
169 317 282 370 humum
305 316 414 368 innoxia
442 315 582 368 cadebant.
619 317 687 384 Ergo
716 318 875 369 comminus²
903 334 1024 386 pugnam

112 389 197 439 coacti
210 403 355 454 conserere,
368 384 469 453 gladios
487 385 596 453 impigre
614 387 749 453 stringunt.
786 387 853 438 Tum
873 402 934 438 vero
954 386 1025 439 mul·

113 464 169 509 tum
183 455 319 524 sanguinis
330 455 419 507 lusum
432 463 480 506 est.
516 454 591 507 Duae
603 454 700 533 quippe
712 454 784 507 acies
795 455 831 506 ita
843 455 1025 509 cohaerebant

113 536 142 578 ut
160 525 241 577 armis
258 541 332 576 arma
350 523 491 594 pulsarent,
510 540 649 576 mucrones
667 541 693 575 rn
711 540 755 574 ora
774 523 924 592 dirigerent.
961 525 1024 578 Non

12 654 16 661 ,
47 584 54 603 ⁸
113 594 213 663 timido,
235 611 286 646 non
307 594 401 662 ignavo
420 608 525 645 cessare
546 602 603 645 turn
623 592 712 645 licuit:
735 592 828 644 collato
866 592 924 663 ede,
944 595 1024 662 qnasi

113 663 208 732 singuli
218 663 286 716 inter
298 679 327 714 se
343 661 508 730 dimicarent,
522 661 548 713 in
568 661 664 714 eodem
683 661 792 729 vestigio
810 672 851 715 sta
886 672 922 731 nt,
936 661 1025 716 donec

112 731 343 791 viucendolocum
362 731 410 783 sibi
429 731 553 783 lacerent.
590 731 659 783 Tum
678 730 788 783 demum
805 749 867 800 ergo
884 749 1024 801 promove·

112 801 176 856 bant
197 802 318 870 gradum,
342 817 403 853 cum
429 799 532 853 hostem
557 809 755 868 prostraverant.
791 803 827 853 At
851 801 909 853 illos
938 818 1025 855 novus

112 871 263 941 excipiebat
292 868 459 922 adversarius
489 867 612 936 fatigatos
620 885 627 939 3
660 886 709 923 nec
740 869 876 938 vulnerati,
901 879 928 922 ut
956 872 1026 924 alias

113 940 205 1009 solent,
221 939 280 991 acie
298 947 417 1008 poterant
434 937 579 1006 excedere,
590 955 652 991 curn
669 937 751 991 hostis
768 938 876 991 instaret
893 957 910 991 a
928 939 1023 1010 fronte,

112 1018 214 1077 atergo
226 1008 265 1061 sui
278 1016 408 1076 urgerent.
884 1024 887 1031 ·
950 1046 955 1052 .

149 1083 191 1130 at.
210 1076 362 1131 Alexander
373 1094 423 1130 non
437 1076 513 1128 ducis
530 1075 623 1145 magis,
637 1093 718 1146 quarn
735 1077 829 1131 militis
846 1078 948 1130 munia¹
960 1095 1024 1131 erre·

132 1147 250 1216 uebatur,
275 1147 404 1216 opimum⁴
436 1147 518 1198 decus
548 1162 625 1198 caeso
657 1164 718 1214 rege
745 1156 881 1216 expetens.
916 1147 1024 1224 Quippe

155 1233 215 1270 reus
237 1233 314 1269 curru
337 1215 459 1268 sublimis
482 1216 625 1284 eminebat,
645 1226 673 1267 et
694 1216 750 1268 suis
772 1217 805 1267 ad
828 1233 856 1268 se
882 1215 1023 1286 tuendum,

113 1293 141 1338 et
164 1285 285 1338 hostibus
307 1285 340 1337 ad
365 1284 551 1350 incessendum
576 1285 668 1352 ingens
691 1285 901 1338 incitamentum.
950 1286 1024 1354 Ergo

113 1354 192 1406 frater
212 1354 270 1424 ejus
289 1353 425 1421 Oxathres,
446 1367 508 1406 eum
529 1354 709 1427 Alexandrum
730 1355 826 1407 instare
846 1355 871 1406 ei
891 1365 1023 1425 cerneret,

113 1424 225 1492 equites,
247 1422 345 1492 quibus
363 1431 491 1492 praeerat,
512 1434 574 1474 ante
594 1424 680 1493 ipsum
701 1440 814 1476 currum.
826 1425 896 1492 regis
915 1423 1023 1494 objecit,

112 1494 195 1545 armis
207 1503 233 1544 et
246 1491 337 1544 robore
348 1493 462 1571 corporis
479 1490 600 1545 multum
612 1509 641 1545 su
662 1510 691 1544 er
702 1501 805 1546 ceteros
823 1494 951 1558 eminens,
965 1495 1023 1546 aui·

113 1579 158 1615 rno
170 1578 231 1614 vero
243 1568 270 1613 et
283 1561 380 1630 pietate
393 1579 418 1615 m
431 1560 606 1630 paucissimis.
643 1510 690 1623 lllq
709 1562 799 1632 utique
817 1563 914 1631 proelio
926 1562 1024 1632 clarus,

113 1631 180 1684 ahos
199 1629 346 1700 improvide
365 1631 492 1683 instaures
512 1632 657 1700 prostravit,
674 1631 741 1683 alios
761 1634 786 1684 in
807 1633 898 1700 lugam
917 1633 1024 1686 avertit.

113 1703 149 1768 Ar
176 1699 340 1753 Macedones
367 1700 449 1772 (circa
475 1716 566 1767 regem
593 1703 697 1771 erant),⁵
723 1710 816 1754 mutua
841 1701 1024 1755 adhortatione
1049 1762 1051 1767 ,

113 1770 221 1839 firmati,
230 1787 293 1823 cum
311 1770 367 1839 ip'so
385 1769 410 1821 iu
428 1770 549 1839 equiturn
567 1781 663 1836 agmen
682 1771 835 1840 irrumpunt.
872 1771 939 1822 Tum
959 1787 1024 1823 vero

114 1840 208 1892 similis
231 1840 321 1893 ruinae
345 1853 446 1907 strages
469 1848 533 1890 erat.
569 1838 644 1891 Circa
667 1857 773 1893 currum
797 1840 875 1892 Darei
897 1839 1024 1909 jacebant

113 1908 272 1963 nobilissimi
290 1909 381 1978 duces,
397 1918 459 1961 ante
477 1908 565 1960 oculos
584 1909 651 1976 regis
668 1909 774 1978 egregia
792 1918 874 1962 morte
893 1909 1022 1978 defuncti,

113 1994 207 2031 omnes
226 1978 252 2030 in
270 1995 315 2030 ora
335 1977 415 2047 proni,
431 1977 498 2030 sicut
517 1977 675 2030 dimicantes
695 1978 892 2047 procubuerant,
910 1979 1024 2031 adverso

113 2064 158 2100 cor
195 2065 221 2100 re
244 2048 397 2101 vulneribus
418 2047 542 2115 acceptis.
580 2047 650 2111 Inter
674 2047 721 2100 h'ns
744 2049 861 2117 Atizyes,
883 2057 909 2102 et
932 2047 1021 2100 Rheo-

113 2116 160 2170 mit
183 2133 231 2186 res,
251 2127 277 2168 et
295 2116 403 2169 Sataces
421 2124 523 2185 praetor
540 2116 662 2185 Aegypti,
682 2134 835 2184 magnorum
854 2117 1022 2170 exercituum

113 2184 249 2257 praefecti,
270 2185 479 2238 noscitabantur:
505 2184 574 2236 circa
597 2201 643 2236 eos
665 2186 800 2238 cumulata
823 2196 879 2237 erat
898 2185 1020 2254 peditum

113 2257 231 2324 equitum
253 2271 286 2308 ue
306 2253 441 2306 obscurior
459 2253 543 2306 turba.
578 2254 758 2307 Macedonum
777 2271 881 2324 quoqne
899 2271 950 2320 non
963 2255 1020 2324 qui·

113 2323 176 2378 dem
195 2272 279 2395 multi,
298 2323 346 2377 sed
364 2323 551 2393 promptissimi
570 2331 659 2375 tamen
679 2325 749 2376 caesi
769 2333 844 2377 sunt:
864 2323 932 2376 inter
952 2338 1022 2392 quos

112 2392 256 2448 Alexandri
279 2393 400 2446 dextrum
425 2393 512 2446 femur
529 2393 622 2444 leviter
640 2409 765 2445 mucrone
783 2395 948 2462 perstrictum
968 2401 1018 2446 est.

111 2463 226 2534 Jamque
244 2463 290 2533 qui
310 2463 426 2517 Dareum
438 2462 571 2516 vehebant
589 2463 659 2531 equi,
673 2462 784 2515 confossi
798 2463 880 2515 hastis
891 2472 917 2514 et
930 2461 1020 2516 dolore

112 2532 224 2596 efferati,
242 2531 334 2602 jugum
348 2542 455 2602 quatere
474 2541 500 2585 et
519 2549 607 2600 regem
626 2548 702 2584 curru
721 2542 845 2584 excutere
863 2541 1017 2600 coeperant:

112 2617 173 2654 cum
199 2601 251 2670 ille,
270 2602 369 2654 veritus
393 2619 426 2654 ne
446 2603 522 2655 vivus
540 2603 640 2653 veniret
666 2601 690 2652 in
718 2599 832 2653 hostium
851 2610 1017 2670 potestatem,

111 2670 207 2739 desilit,
226 2679 253 2723 et
272 2671 297 2723 in
317 2672 424 2740 equum,
444 2671 490 2739 qui
513 2670 546 2722 ad
566 2670 616 2722 hoc
634 2670 733 2739 ipsum⁸
750 2670 916 2739 sequebatur,
935 2670 1019 2740 impo-

140 2791 147 2813 ¹
161 2784 231 2833 ‘The
247 2784 312 2833 darts
323 2787 422 2833 became
433 2784 562 2845 entangled
574 2784 632 2832 with
647 2785 706 2832 each
721 2784 798 2841 other,
811 2785 883 2849 being
899 2785 978 2833 aimed
993 2794 1019 2833 at

110 2843 151 2891 the
162 2859 228 2891 same
240 2845 356 2909 persona!

139 2907 150 2933 ⁹
160 2902 221 2950 This
233 2902 299 2950 word
310 2902 330 2950 is
341 2901 439 2950 derived
449 2901 510 2950 from
518 2918 610 2950 manus.
642 2901 664 2949 It
676 2902 696 2951 is
707 2902 812 2962 opposed
824 2913 849 2951 to
860 2904 958 2959 eminus,
971 2902 1019 2952 and

109 2977 193 3011 means
205 2960 284 3009 ‘hund
295 2971 319 3009 to
330 2960 412 3017 hand‚'
425 2967 463 3009 ‘at
474 2960 539 3008 close
550 2962 674 3020 quarters.'

138 3019 296 3089 'Regardisg
311 3019 352 3067 the
363 3018 437 3068 forms
453 3018 480 3067 ol
491 3021 581 3076 munh,
593 3035 633 3068 see
646 3020 743 3080 Zumpt,
756 3019 770 3071 i
781 3024 817 3069 89.
849 3019 877 3068 In
893 3020 934 3068 tha
945 3034 1019 3070 sense

108 3079 137 3128 os
151 3080 263 3136 ‘duriam’
276 3090 292 3127 rt
305 3079 326 3127 is
337 3078 474 3138 equivalent
485 3088 509 3126 to
520 3095 623 3127 munera

138 3139 220 3187 ‘This
231 3137 297 3187 word
309 3153 359 3185 was
371 3137 430 3186 used
442 3137 466 3184 in
476 3153 490 3185 a
501 3136 590 3198 special
601 3153 666 3193 case,
679 3138 751 3185 when
766 3137 807 3186 the
823 3137 978 3186 commender
989 3139 1019 3188 of

108 3213 154 3246 one
166 3213 216 3246 arm
243 3197 393 3257 vanquished
405 3195 537 3265 thaleader
547 3196 575 3244 os
587 3196 688 3245 another
699 3198 724 3244 in
734 3197 811 3258 single
823 3199 926 3259 combat.

136 3254 1019 3386 {ltatttdtttttdltltrituttttttltttm...a

108 3374 207 3425 animal.
233 3371 796 3431 Itnrrrdrolravebeenemare‚uhosctoal
806 3373 1019 3434 wesheptatths
