2274 3772
120 56 159 111 24
382 67 421 107 oa
445 66 551 106 oasrrs
572 66 757 106 scnxsnuru.

120 179 216 233 deinde
237 175 352 228 suffusus
375 176 434 243 est‚¹
452 184 478 226 et
502 182 585 227 toturn
610 175 797 244 propemodum
820 192 913 246 corpus
930 177 1019 231 vitalis

120 248 190 302 calor
200 244 295 315 liquit.¹
329 243 463 313 Expiranti
475 244 590 296 similem
602 244 713 296 ministri
724 260 804 296 manu
817 245 957 314 excipiunt,
966 263 1019 300 nee

120 317 184 371 satis
207 323 356 383 compotem
379 313 476 365 rhentis
494 313 521 364 in
539 311 737 365 tabernaculum
755 312 886 366 deserunt.
922 316 1019 384 lugens

112 382 265 441 sollicitudo
275 391 303 436 et·
313 398 398 451 paene
408 380 462 450 jam
475 381 604 434 luctus⁸in
614 381 705 434 castris
713 390 777 433 erat.
807 380 914 436 Flentes
925 400 1018 454 quere·

119 457 219 522 bantur,
232 454 259 504 in
270 461 341 504 tanto
354 453 455 520 impetu
466 467 595 520 cursuque
609 453 706 502 rerum⁴
716 452 801 504 omnis
813 454 907 506 aetatis
918 470 950 506 ac
961 470 1017 507 me·

120 519 225 578 moriae'
235 520 411 575 clarissimum
425 536 514 588 regem
526 520 614 572 nonin
627 519 684 570 acie
697 519 810 588 saltem‚⁵
821 538 871 574 non
889 523 924 575 ab
941 522 1018 576 hoste

119 592 260 661 dejectum,
279 589 325 642 sed
343 588 495 642 abluentem
514 606 583 658 aqua
602 595 696 656 corpu's
716 598 835 658 ereptum
853 606 912 644 esse
928 603 955 645 et
972 609 1018 646 ex·

119 664 237 714 tinctum.
264 659 363 712 Instare
373 659 495 727 Dareum,
506 659 631 710 rictorem
640 664 782 727 antequam
791 659 894 713 vidissit
903 659 1017 715 hostem.

118 730 171 784 Sibi
190 729 298 798 easdem
317 736 406 796 terras,
424 743 490 796 quas
507 727 624 780 victoria⁸
640 736 830 797 peragrassent,
844 730 1016 799 repetendas:

117 800 205 853 omnia
215 807 261 851 aut
274 799 344 866 ipsos
355 806 400 849 aut
417 795 506 849 hostes
523 797 673 865 populatos:
692 813 739 866 per
750 805 838 849 vastas
855 798 1017 880 solitudines²

118 868 221 923 etiamsi
234 882 311 920 nemo
323 865 427 934 insequi
437 865 507 934 velit,
518 875 618 936 euntes,
628 865 699 918 fame
708 864 788 934 atque
796 862 1018 935 inopiadebellarr

117 955 202 1008 posse.
238 936 324 994 Quem
337 935 442 1003 signum
454 934 578 987 daturum
595 934 776 1002 fugientibusl
794 951 874 1004 quem
891 952 1017 992 ausurum
1075 986 1080 996 ,

117 1004 267 1060 Alexandro
281 1004 442 1057 succederet
477 1004 578 1058 Jam'ut
590 1004 624 1056 ad
637 1003 837 1072 Hellespontum
855 1003 918 1073 fuga
936 1022 1017 1076 pene·

117 1083 221 1146 trarent,
230 1074 413 1142 classemque
421 1081 560 1141 transeant,
570 1090 651 1142 quem
660 1073 893 1142 praeparatummt
918 1074 1019 1130 Rursus

117 1146 142 1197 in
162 1146 248 1214 ipsum
256 1159 356 1212 ,regern
374 1141 552 1195 misericordia
572 1158 653 1211 versa,
673 1140 758 1194 illum⁷
773 1141 866 1195 florem
882 1142 1016 1215 juventae,

116 1215 189 1267 illam
204 1215 260 1266 vim
277 1211 368 1281 animi,
382 1210 499 1264 eundem
516 1226 607 1278 regem
625 1219 651 1262 et
670 1210 883 1281 commilitonem,
897 1212 1017 1267 divellis

115 1300 144 1336 se
157 1293 182 1335 et
194 1281 316 1350 abrumpi
328 1281 499 1333 immemores
510 1280 550 1331 sui
562 1279 748 1348 querebantur.
808 1314 810 1318 Α
948 1296 951 1301 ’

152 1356 188 1405 13.
207 1352 283 1404 Inter·
295 1350 363 1402 haec
381 1348 489 1401 liberius
507 1364 596 1401 meare
612 1348 718 1417 spiritus
729 1357 859 1419 coeperat,
872 1349 1016 1404 allevabat-

114 1437 165 1489 que
190 1437 234 1472 rer
252 1418 348 1486 oculos,
367 1425 394 1470 et
410 1414 538 1486 paulatim
555 1417 682 1470 redeunte
705 1418 793 1477 auimo
815 1418 1018 1487 circumstantes

114 1489 215 1542 amicos
232 1495 382 1556 agnoverat,
401 1484 601 1556 lairataque‘vis
618 1485 702 1539 morbi
720 1487 754 1539 ob
772 1486 822 1539 hoc
840 1487 924 1541 solum
942 1488 1016 1542 vide·

114 1559 197 1626 batur,
222 1557 285 1626 quia
307 1553 518 1622 magnitudinem
540 1554 605 1610 mali
629 1554 768 1608 sentiebat.
811 1557 901 1609 Animi
924 1567 1015 1613 autem

113 1627 248 1693 aegritudo
278 1628 371 1694 corpus
400 1624 508 1692 urgebat
540 1624 637 1694 quippe
660 1625 787 1678 Dareum
808 1625 898 1695 quinto
921 1626 966 1680 die
988 1627 1016 1682 in

114 1695 204 1749 Cilicia
222 1694 276 1746 lore
293 1692 469 1746 nuntiabatur.
524 1693 631 1747 -inctum
648 1708 709 1762 ergo
727 1698 757 1746 s'e
774 1693 849 1764 tradi,
866 1698 896 1748 'et
914 1703 1015 1751 tantem

113 1764 249 1817 victoriam
259 1763 326 1832 eripi
337 1762 388 1816 sibi
400 1779 435 1815 ex
446 1762 576 1832 monibus,
590 1763 754 1833 obscuraque
765 1771 793 1816 et
811 1763 919 1842 ignobili
929 1774 1015 1818 morte

113 1835 138 1886 in
151 1832 318 1887 tabernaculo
330 1833 401 1885 extin
422 1831 447 1884 ui
466 1847 502 1901 se,
515 1832 684 1900 querebatur.
720 1831 903 1902 Admissisque
921 1834 1015 1888 amicis

112 1903 257 1973 pariterue
274 1901 393 1973 medicis,
402 1848 443 1954 giu
478 1917 511 1952 uo
530 1917 582 1970 me,
595 1901 687 1972 inquit,
699 1900 818 1953 articulo⁹
836 1918 923 1955 rerum
940 1920 1014 1956 mea·

113 1989 170 2024 rum
193 1972 296 2024 fortuna
323 1917 533 2040 deprehenderit,
558 1970 673 2035 cernitis.
709 1968 852 2038 Strepitum
880 1969 1013 2026 hostilium

142 2075 148 2096 ¹
160 2067 265 2127 ‘Spread
275 2065 357 2114 itsell’
389 2067 451 2130 This
462 2069 520 2114 verb
534 2068 657 2128 (refforuit)
668 2067 689 2113 is
700 2064 760 2114 used
775 2081 842 2114 more
858 2067 1012 2130 particularly
1029 2052 1033 2063 ¹

111 2127 139 2176 ol
153 2124 257 2180 ‘blood,’
275 2123 322 2172 and
335 2123 480 2184 ‘blushing,’
493 2124 573 2173 which
589 2140 669 2173 seems
685 2134 712 2172 to
723 2141 785 2186 pour
800 2127 870 2187 ceals
881 2126 957 2176 under
971 2127 1012 2177 the

111 2185 174 2235 skin.
205 2184 228 2231 lt
239 2184 259 2231 is
271 2183 327 2231 here
339 2183 399 2231 used
409 2181 437 2230 os
448 2183 566 2242 paleness.

139 2243 282 2304 ‘Linquere
293 2241 329 2289 for
339 2244 482 2302 relinquere,-
495 2242 621 2301 apoetical
630 2241 704 2290 word.
730 2242 766 2290 At
775 2242 836 2291 least
845 2243 864 2290 it
869 2243 893 2292 'is
901 2253 942 2293 not
950 2247 1012 2295 used

111 2305 136 2352 in
145 2302 255 2362 ordinary
266 2316 344 2361 prose.

102 2410 106 2427 ,
139 2359 575 2415 ““Ιιαωεηῑειίουΐοῐὴίωῇιὰοαά.’
996 2408 998 2412 ⁴

138 2421 255 2506 ‘Irnpftue
267 2420 313 2489 isa
323 2419 412 2468 violent
424 2420 522 2500 mption.
554 2418 602 2467 We
618 2418 695 2478 speek
705 2419 730 2467 iu
740 2419 782 2468 the
793 2435 860 2468 same
871 2436 971 2470 manner
979 2422 1008 2471 ol

110 2478 652 2607 evlllswopdldlidieoliddiiddmddccbnsolation
663 2537 684 2584 it
694 2536 725 2585 he
735 2537 783 2586 had
794 2547 818 2587 at
829 2538 891 2586 least
902 2537 975 2587 fallen
986 2540 1010 2588 in

109 2597 365 2715 batn‘lillhtbvictory,¹
379 2671 405 2703 or
418 2654 604 2715 ‘victoriouslp’
636 2655 683 2702 See
700 2655 798 2725 Zumpt,
816 2655 891 2724 tm.
922 2656 953 2705 lu
967 2628 1009 2706 tlie

109 2730 176 2764 same
193 2729 255 2774 way,
268 2716 335 2776 suga
346 2722 477 2776 penetrare.
509 2713 564 2761 The
580 2713 650 2763 usual
664 2729 806 2774 expression
821 2730 842 2763 rs
857 2717 963 2772 octova.
982 2732 1009 2765 as
1077 2744 1079 2749 ·

110 2788 262 2832 conquerors,
268 2774 401 2833 fugientes,
414 2788 440 2820 as
451 2772 572 2832 fugitives.

138 2837 145 2860 ⁴
155 2832 202 2879 We
213 2832 289 2890 spealr
299 2830 327 2878 os
334 2833 379 2879 thie
388 2831 471 2878 flower
481 2831 509 2878 cs
520 2831 605 2890 youth,
617 2833 663 2882 thie
674 2847 763 2893 energy
774 2832 802 2881 os
814 2833 886 2883 mind.
919 2833 966 2882 But
983 2834 1009 2882 in

109 2892 149 2939 the
160 2889 230 2938 Latin
239 2893 314 2947 illum,
323 2889 364 2937 the
368 2891 416 2952 flor
420 2891 537 2957 juventae
544 2891 565 2938 is
573 2890 666 2939 viewed
675 2906 701 2938 as
710 2891 806 2951 already
814 2892 936 2951 deperted.
961 2893 1007 2942 See

110 2951 206 3009 Zumpt,
219 2947 233 3000 b
243 2953 294 2999 701.
322 2942 459 3008 Regardrng
469 2949 510 2996 the
521 2949 607 3008 phrase
618 2953 719 2998 erendum
729 2967 812 3014 regem,
824 2951 882 3009 dec,
892 2952 950 3014 king
961 2953 1006 3001 and

108 3009 218 3058 comrade
230 3009 254 3055 in
264 3023 309 3056 one
337 3023 415 3063 erson,
428 3023 469 3055 see
481 3007 579 3067 Zumpt,
592 3008 605 3058 b
616 3012 667 3059 697.

136 3068 177 3115 'It
188 3067 273 3128 might,
282 3023 335 3115 and
339 3065 425 3114 indeed
433 3066 561 3128 according
569 3077 593 3115 to
602 3063 697 3128 regular
704 3068 807 3128 practice
816 3069 901 3130 ought,
910 3079 936 3118 to
945 3069 1005 3118 heve

108 3130 168 3176 been
183 3127 273 3175 Dareus
281 3142 291 3183 ,·
310 3127 353 3173 but
363 3141 404 3172 see
417 3125 513 3185 Zumpt,
527 3126 540 3177 b
552 3130 603 3180 607,
617 3138 680 3175 note.

136 3186 285 3242 'Articulum
304 3183 473 3233 adiminutive
490 3185 551 3232 from
566 3194 633 3233 ortus
651 3193 674 3242 (a
685 3188 779 3248 plurale
794 3195 895 3243 tontum,
914 3187 1003 3242 limbs),

108 3260 191 3293 means
206 3243 258 3292 first
269 3259 284 3292 a
294 3243 361 3300 limb,
375 3243 432 3290 then
449 3258 463 3291 a
479 3259 505 3307 se
523 3243 603 3292 ereted
618 3246 713 3304 portion
727 3244 755 3291 ol
768 3246 920 3307 anything,'a
935 3245 1005 3294 small

107 3304 203 3375 portion
208 3301 236 3352 ol
240 3303 306 3361 time,
316 3303 341 3352 iu
347 3302 475 3363 particular
483 3259 606 3352 adecisive
613 3319 641 3352 or
647 3302 737 3352 critical
745 3315 861 3360 moment,
869 3313 1006 3354 mestum

120 3377 222 3426 rupem.
