<?xml version="1.0" encoding="UTF-8"?>
<!DOCTYPE html PUBLIC "-//W3C//DTD XHTML 1.0 Transitional//EN"
    "http://www.w3.org/TR/xhtml1/DTD/xhtml1-transitional.dtd">
<html xmlns="http://www.w3.org/1999/xhtml" xml:lang="en" lang="en">
 <head>
  <title>
</title>
<meta http-equiv="Content-Type" content="text/html;charset=utf-8" />
  <meta name='ocr-system' content='tesseract 3.04.00' />
  <meta name='ocr-capabilities' content='ocr_page ocr_carea ocr_par ocr_line ocrx_word'/>
</head>
<body>
  <div class='ocr_page' id='page_1' title='image "./degestisalexand00rufugoog_0302.png"; bbox 0 0 2274 3772; ppageno 0'>
   <div class='ocr_carea' id='block_1_1' title="bbox 491 176 1023 234">
    <p class='ocr_par' dir='ltr' id='par_1_1' title="bbox 491 176 1023 234">
     <span class='ocr_line' id='line_1_1' title="bbox 491 176 1023 234; baseline -0.004 0"><span class='ocrx_word' id='word_1_1' title='bbox 491 194 582 234; x_wconf 79' lang='lat' dir='ltr'>arasa</span> <span class='ocrx_word' id='word_1_2' title='bbox 602 195 644 234; x_wconf 85' lang='lat' dir='ltr'>rx.</span> <span class='ocrx_word' id='word_1_3' title='bbox 964 176 1023 232; x_wconf 73' lang='grc'>289</span> 
     </span>
    </p>
   </div>
   <div class='ocr_carea' id='block_1_2' title="bbox 107 299 1085 2932">
    <p class='ocr_par' dir='ltr' id='par_1_2' title="bbox 111 299 1023 577">
     <span class='ocr_line' id='line_1_2' title="bbox 112 299 1022 372; baseline 0.002 -20"><span class='ocrx_word' id='word_1_4' title='bbox 112 299 256 353; x_wconf 78' lang='lat' dir='ltr'>deditionis</span> <span class='ocrx_word' id='word_1_5' title='bbox 267 300 338 353; x_wconf 81' lang='lat' dir='ltr'>misit</span> <span class='ocrx_word' id='word_1_6' title='bbox 357 301 390 353; x_wconf 90' lang='lat' dir='ltr'>ad</span> <span class='ocrx_word' id='word_1_7' title='bbox 411 319 515 370; x_wconf 89' lang='lat' dir='ltr'>regem:</span> <span class='ocrx_word' id='word_1_8' title='bbox 536 303 582 355; x_wconf 87' lang='lat' dir='ltr'>sed</span> <span class='ocrx_word' id='word_1_9' title='bbox 595 312 740 372; x_wconf 82' lang='lat' dir='ltr'><strong>antequam</strong></span> <span class='ocrx_word' id='word_1_10' title='bbox 752 301 854 355; x_wconf 90' lang='lat' dir='ltr'>adirent</span> <span class='ocrx_word' id='word_1_11' title='bbox 867 319 938 372; x_wconf 92' lang='lat' dir='ltr'>eum,</span> <span class='ocrx_word' id='word_1_12' title='bbox 952 302 1022 354; x_wconf 86' lang='lat' dir='ltr'>duae</span> 
     </span>
     <span class='ocr_line' id='line_1_3' title="bbox 112 370 1023 441; baseline 0.003 -20"><span class='ocrx_word' id='word_1_13' title='bbox 112 377 197 422; x_wconf 90' lang='lat' dir='ltr'>turres</span> <span class='ocrx_word' id='word_1_14' title='bbox 216 386 277 422; x_wconf 90' lang='lat' dir='ltr'>cum</span> <span class='ocrx_word' id='word_1_15' title='bbox 299 370 398 438; x_wconf 84' lang='lat' dir='ltr'>ingenti</span> <span class='ocrx_word' id='word_1_16' title='bbox 420 372 522 440; x_wconf 82' lang='lat' dir='ltr'>fragore</span> <span class='ocrx_word' id='word_1_17' title='bbox 542 373 716 441; x_wconf 80' lang='lat' dir='ltr'>prociderant,</span> <span class='ocrx_word' id='word_1_18' title='bbox 735 388 783 440; x_wconf 89' lang='lat' dir='ltr'>per</span> <span class='ocrx_word' id='word_1_19' title='bbox 802 389 914 441; x_wconf 90' lang='lat' dir='ltr'>quarum</span> <span class='ocrx_word' id='word_1_20' title='bbox 935 371 1023 424; x_wconf 90' lang='lat' dir='ltr'>ruinas</span> 
     </span>
     <span class='ocr_line' id='line_1_4' title="bbox 112 438 1022 511; baseline 0.004 -21"><span class='ocrx_word' id='word_1_21' title='bbox 112 438 276 491; x_wconf 82' lang='lat' dir='ltr'>Macedones</span> <span class='ocrx_word' id='word_1_22' title='bbox 300 457 410 492; x_wconf 85' lang='lat' dir='ltr'>evasere</span> <span class='ocrx_word' id='word_1_23' title='bbox 434 441 461 494; x_wconf 92' lang='lat' dir='ltr'>in</span> <span class='ocrx_word' id='word_1_24' title='bbox 484 458 582 511; x_wconf 88' lang='lat' dir='ltr'>arcem,</span> <span class='ocrx_word' id='word_1_25' title='bbox 608 459 661 511; x_wconf 88' lang='lat' dir='ltr'>qua</span> <span class='ocrx_word' id='word_1_26' title='bbox 684 451 762 510; x_wconf 85' lang='lat' dir='ltr'>capta</span> <span class='ocrx_word' id='word_1_27' title='bbox 784 441 937 493; x_wconf 82' lang='lat' dir='ltr'>Porticanus</span> <span class='ocrx_word' id='word_1_28' title='bbox 960 457 1022 494; x_wconf 90' lang='lat' dir='ltr'>cum</span> 
     </span>
     <span class='ocr_line' id='line_1_5' title="bbox 111 508 731 577; baseline 0.008 -18"><span class='ocrx_word' id='word_1_29' title='bbox 111 508 203 577; x_wconf 86' lang='lat' dir='ltr'>paucis</span> <span class='ocrx_word' id='word_1_30' title='bbox 217 525 366 577; x_wconf 79' lang='lat' dir='ltr'>repugnans</span> <span class='ocrx_word' id='word_1_31' title='bbox 377 511 515 563; x_wconf 90' lang='lat' dir='ltr'>occiditur.</span> <span class='ocrx_word' id='word_1_32' title='bbox 730 546 731 550; x_wconf 60' lang='lat'><em>=</em></span> 
     </span>
    </p>

    <p class='ocr_par' dir='ltr' id='par_1_3' title="bbox 111 578 1085 2084">
     <span class='ocr_line' id='line_1_6' title="bbox 147 578 1021 648; baseline 0.005 -20"><span class='ocrx_word' id='word_1_33' title='bbox 147 581 189 629; x_wconf 83' lang='lat'>³2.</span> <span class='ocrx_word' id='word_1_34' title='bbox 211 579 301 630; x_wconf 84' lang='lat' dir='ltr'>Diruta</span> <span class='ocrx_word' id='word_1_35' title='bbox 325 579 403 647; x_wconf 86' lang='lat' dir='ltr'>igitur</span> <span class='ocrx_word' id='word_1_36' title='bbox 426 597 495 646; x_wconf 87' lang='lat' dir='ltr'>arce,</span> <span class='ocrx_word' id='word_1_37' title='bbox 522 588 548 631; x_wconf 89' lang='lat' dir='ltr'>et</span> <span class='ocrx_word' id='word_1_38' title='bbox 572 579 695 632; x_wconf 87' lang='lat' dir='ltr'>omnibus</span> <span class='ocrx_word' id='word_1_39' title='bbox 718 578 832 648; x_wconf 87' lang='lat' dir='ltr'>captivis</span> <span class='ocrx_word' id='word_1_40' title='bbox 856 579 1021 648; x_wconf 85' lang='lat' dir='ltr'>venundatis,</span> 
     </span>
     <span class='ocr_line' id='line_1_7' title="bbox 111 645 1023 717; baseline 0.003 -19"><span class='ocrx_word' id='word_1_41' title='bbox 111 645 203 699; x_wconf 86' lang='lat' dir='ltr'>Sambi</span> <span class='ocrx_word' id='word_1_42' title='bbox 221 647 291 714; x_wconf 86' lang='lat' dir='ltr'>regis</span> <span class='ocrx_word' id='word_1_43' title='bbox 308 648 376 700; x_wconf 81' lang='lat' dir='ltr'>lines</span> <span class='ocrx_word' id='word_1_44' title='bbox 393 648 527 717; x_wconf 86' lang='lat' dir='ltr'>ingressus</span> <span class='ocrx_word' id='word_1_45' title='bbox 539 659 594 700; x_wconf 88' lang='lat' dir='ltr'>est:</span> <span class='ocrx_word' id='word_1_46' title='bbox 615 648 759 717; x_wconf 89' lang='lat' dir='ltr'>multisque</span> <span class='ocrx_word' id='word_1_47' title='bbox 774 648 879 717; x_wconf 86' lang='lat' dir='ltr'>oppidis</span> <span class='ocrx_word' id='word_1_48' title='bbox 897 648 922 700; x_wconf 90' lang='lat' dir='ltr'>in</span> <span class='ocrx_word' id='word_1_49' title='bbox 941 649 1023 702; x_wconf 88' lang='lat' dir='ltr'>fidem</span> 
     </span>
     <span class='ocr_line' id='line_1_8' title="bbox 111 716 1024 786; baseline 0.003 -19"><span class='ocrx_word' id='word_1_50' title='bbox 111 717 235 784; x_wconf 87' lang='lat' dir='ltr'>acceptis,</span> <span class='ocrx_word' id='word_1_51' title='bbox 247 716 440 771; x_wconf 84' lang='lat' dir='ltr'>validissimam</span> <span class='ocrx_word' id='word_1_52' title='bbox 452 719 540 786; x_wconf 92' lang='lat' dir='ltr'>gentis</span> <span class='ocrx_word' id='word_1_53' title='bbox 552 717 645 770; x_wconf 84' lang='lat' dir='ltr'>urbem</span> <span class='ocrx_word' id='word_1_54' title='bbox 658 717 780 770; x_wconf 88' lang='lat' dir='ltr'>cuniculo</span> <span class='ocrx_word' id='word_1_55' title='bbox 792 719 871 786; x_wconf 87' lang='lat' dir='ltr'>cepit.</span> <span class='ocrx_word' id='word_1_56' title='bbox 902 718 1024 771; x_wconf 80' lang='lat' dir='ltr'>Barbarie</span> 
     </span>
     <span class='ocr_line' id='line_1_9' title="bbox 111 785 1023 857; baseline 0.003 -21"><span class='ocrx_word' id='word_1_57' title='bbox 111 785 200 837; x_wconf 85' lang='lat' dir='ltr'>simile</span> <span class='ocrx_word' id='word_1_58' title='bbox 214 787 332 838; x_wconf 89' lang='lat' dir='ltr'>monstri¹</span> <span class='ocrx_word' id='word_1_59' title='bbox 344 788 431 840; x_wconf 90' lang='lat' dir='ltr'>visum</span> <span class='ocrx_word' id='word_1_60' title='bbox 446 796 494 855; x_wconf 88' lang='lat' dir='ltr'>est,</span> <span class='ocrx_word' id='word_1_61' title='bbox 504 787 613 840; x_wconf 91' lang='lat' dir='ltr'>rudibus</span> <span class='ocrx_word' id='word_1_62' title='bbox 624 787 781 839; x_wconf 88' lang='lat' dir='ltr'>militarium</span> <span class='ocrx_word' id='word_1_63' title='bbox 793 803 910 856; x_wconf 89' lang='lat' dir='ltr'>operum,</span> <span class='ocrx_word' id='word_1_64' title='bbox 924 788 1023 857; x_wconf 89' lang='lat' dir='ltr'>quippe</span> 
     </span>
     <span class='ocr_line' id='line_1_10' title="bbox 112 853 1022 921; baseline 0.002 -15"><span class='ocrx_word' id='word_1_65' title='bbox 112 853 140 906; x_wconf 88' lang='lat' dir='ltr'>in</span> <span class='ocrx_word' id='word_1_66' title='bbox 158 855 248 906; x_wconf 92' lang='lat' dir='ltr'>media</span> <span class='ocrx_word' id='word_1_67' title='bbox 266 855 351 908; x_wconf 83' lang='lat' dir='ltr'>ferme</span> <span class='ocrx_word' id='word_1_68' title='bbox 369 856 435 909; x_wconf 91' lang='lat' dir='ltr'>urbe</span> <span class='ocrx_word' id='word_1_69' title='bbox 452 857 548 908; x_wconf 90' lang='lat' dir='ltr'>armati</span> <span class='ocrx_word' id='word_1_70' title='bbox 567 865 636 908; x_wconf 85' lang='lat' dir='ltr'>terra</span> <span class='ocrx_word' id='word_1_71' title='bbox 654 855 812 921; x_wconf 85' lang='lat' dir='ltr'>existebant,</span> <span class='ocrx_word' id='word_1_72' title='bbox 829 856 900 908; x_wconf 90' lang='lat' dir='ltr'>nullo</span> <span class='ocrx_word' id='word_1_73' title='bbox 918 857 1022 909; x_wconf 86' lang='lat' dir='ltr'>suffossi</span> 
     </span>
     <span class='ocr_line' id='line_1_11' title="bbox 112 925 1023 994; baseline 0.004 -21"><span class='ocrx_word' id='word_1_74' title='bbox 112 925 219 992; x_wconf 74' lang='lat' dir='ltr'>spec-usl</span> <span class='ocrx_word' id='word_1_75' title='bbox 236 933 297 989; x_wconf 81' lang='lat' dir='ltr'>ante</span> <span class='ocrx_word' id='word_1_76' title='bbox 310 926 422 993; x_wconf 86' lang='lat' dir='ltr'>vestigio</span> <span class='ocrx_word' id='word_1_77' title='bbox 440 925 518 978; x_wconf 87' lang='lat' dir='ltr'>lacto.</span> <span class='ocrx_word' id='word_1_78' title='bbox 546 927 691 994; x_wconf 62' lang='lat' dir='ltr'>‘Octoginta</span> <span class='ocrx_word' id='word_1_79' title='bbox 709 925 784 977; x_wconf 85' lang='lat' dir='ltr'>milia</span> <span class='ocrx_word' id='word_1_80' title='bbox 803 925 927 978; x_wconf 88' lang='lat' dir='ltr'>Indorum</span> <span class='ocrx_word' id='word_1_81' title='bbox 945 926 972 978; x_wconf 93' lang='lat' dir='ltr'>in</span> <span class='ocrx_word' id='word_1_82' title='bbox 991 942 1023 977; x_wconf 88' lang='lat' dir='ltr'>ea</span> 
     </span>
     <span class='ocr_line' id='line_1_12' title="bbox 112 993 1023 1063; baseline 0.005 -20"><span class='ocrx_word' id='word_1_83' title='bbox 112 993 219 1058; x_wconf 86' lang='lat' dir='ltr'>regione</span> <span class='ocrx_word' id='word_1_84' title='bbox 237 1010 323 1061; x_wconf 85' lang='lat' dir='ltr'>caesa,</span> <span class='ocrx_word' id='word_1_85' title='bbox 338 994 486 1047; x_wconf 86' lang='lat' dir='ltr'>Clitarchus</span> <span class='ocrx_word' id='word_1_86' title='bbox 503 1002 544 1047; x_wconf 88' lang='lat' dir='ltr'>est</span> <span class='ocrx_word' id='word_1_87' title='bbox 561 1005 659 1063; x_wconf 84' lang='lat' dir='ltr'>auctor,</span> <span class='ocrx_word' id='word_1_88' title='bbox 673 995 823 1063; x_wconf 89' lang='lat' dir='ltr'>multosque</span> <span class='ocrx_word' id='word_1_89' title='bbox 837 995 958 1062; x_wconf 88' lang='lat' dir='ltr'>captivos</span> <span class='ocrx_word' id='word_1_90' title='bbox 974 995 1023 1048; x_wconf 90' lang='lat' dir='ltr'>suh</span> 
     </span>
     <span class='ocr_line' id='line_1_13' title="bbox 113 1063 1023 1133; baseline 0.004 -21"><span class='ocrx_word' id='word_1_91' title='bbox 113 1078 209 1112; x_wconf 92' lang='lat' dir='ltr'>corona</span> <span class='ocrx_word' id='word_1_92' title='bbox 221 1064 347 1114; x_wconf 70' lang='lat' dir='ltr'>venisse.l</span> <span class='ocrx_word' id='word_1_93' title='bbox 380 1065 479 1116; x_wconf 90' lang='lat' dir='ltr'>Rursus</span> <span class='ocrx_word' id='word_1_94' title='bbox 491 1064 624 1117; x_wconf 90' lang='lat' dir='ltr'>Musicani</span> <span class='ocrx_word' id='word_1_95' title='bbox 639 1063 802 1131; x_wconf 85' lang='lat' dir='ltr'>defecerunt,</span> <span class='ocrx_word' id='word_1_96' title='bbox 814 1063 848 1115; x_wconf 87' lang='lat' dir='ltr'>ad</span> <span class='ocrx_word' id='word_1_97' title='bbox 861 1080 928 1132; x_wconf 87' lang='lat' dir='ltr'>quos</span> <span class='ocrx_word' id='word_1_98' title='bbox 938 1065 1023 1133; x_wconf 89' lang='lat' dir='ltr'>oppri-</span> 
     </span>
     <span class='ocr_line' id='line_1_14' title="bbox 113 1131 1023 1202; baseline 0.005 -21"><span class='ocrx_word' id='word_1_99' title='bbox 113 1131 225 1182; x_wconf 89' lang='lat' dir='ltr'>mendos</span> <span class='ocrx_word' id='word_1_100' title='bbox 238 1132 334 1184; x_wconf 88' lang='lat' dir='ltr'>missus</span> <span class='ocrx_word' id='word_1_101' title='bbox 346 1142 386 1185; x_wconf 90' lang='lat' dir='ltr'>est</span> <span class='ocrx_word' id='word_1_102' title='bbox 400 1133 502 1202; x_wconf 88' lang='lat' dir='ltr'>Pithon,</span> <span class='ocrx_word' id='word_1_103' title='bbox 515 1133 561 1202; x_wconf 92' lang='lat' dir='ltr'>qui</span> <span class='ocrx_word' id='word_1_104' title='bbox 574 1143 682 1202; x_wconf 90' lang='lat' dir='ltr'>captum</span> <span class='ocrx_word' id='word_1_105' title='bbox 700 1133 847 1202; x_wconf 87' lang='lat' dir='ltr'>principem</span> <span class='ocrx_word' id='word_1_106' title='bbox 860 1133 948 1201; x_wconf 86' lang='lat' dir='ltr'>gentis</span> <span class='ocrx_word' id='word_1_107' title='bbox 959 1150 1023 1186; x_wconf 93' lang='lat' dir='ltr'>eun·</span> 
     </span>
     <span class='ocr_line' id='line_1_15' title="bbox 112 1199 1023 1270; baseline 0.005 -20"><span class='ocrx_word' id='word_1_108' title='bbox 112 1199 234 1268; x_wconf 89' lang='lat' dir='ltr'>demque·</span> <span class='ocrx_word' id='word_1_109' title='bbox 242 1201 399 1255; x_wconf 86' lang='lat' dir='ltr'>delectionis</span> <span class='ocrx_word' id='word_1_110' title='bbox 410 1213 545 1255; x_wconf 84' lang='lat' dir='ltr'>auctorem</span> <span class='ocrx_word' id='word_1_111' title='bbox 558 1203 669 1255; x_wconf 88' lang='lat' dir='ltr'>adduxit</span> <span class='ocrx_word' id='word_1_112' title='bbox 687 1203 721 1254; x_wconf 89' lang='lat' dir='ltr'>ad</span> <span class='ocrx_word' id='word_1_113' title='bbox 737 1219 836 1270; x_wconf 89' lang='lat' dir='ltr'>regem.</span> <span class='ocrx_word' id='word_1_114' title='bbox 873 1202 932 1260; x_wconf 87' lang='lat' dir='ltr'>Quo</span> <span class='ocrx_word' id='word_1_115' title='bbox 944 1202 1023 1255; x_wconf 80' lang='lat' dir='ltr'>Alex·</span> 
     </span>
     <span class='ocr_line' id='line_1_16' title="bbox 112 1268 1024 1341; baseline 0.005 -22"><span class='ocrx_word' id='word_1_116' title='bbox 112 1268 196 1320; x_wconf 88' lang='lat' dir='ltr'>ander</span> <span class='ocrx_word' id='word_1_117' title='bbox 219 1269 244 1322; x_wconf 92' lang='lat' dir='ltr'>in</span> <span class='ocrx_word' id='word_1_118' title='bbox 268 1279 377 1324; x_wconf 85' lang='lat' dir='ltr'>crucem</span> <span class='ocrx_word' id='word_1_119' title='bbox 400 1272 511 1338; x_wconf 86' lang='lat' dir='ltr'>sublato,</span> <span class='ocrx_word' id='word_1_120' title='bbox 532 1289 622 1324; x_wconf 89' lang='lat' dir='ltr'>rursus</span> <span class='ocrx_word' id='word_1_121' title='bbox 645 1288 762 1341; x_wconf 90' lang='lat' dir='ltr'>amnem,</span> <span class='ocrx_word' id='word_1_122' title='bbox 784 1271 811 1325; x_wconf 91' lang='lat' dir='ltr'>in</span> <span class='ocrx_word' id='word_1_123' title='bbox 832 1287 884 1340; x_wconf 94' lang='lat' dir='ltr'>quo</span> <span class='ocrx_word' id='word_1_124' title='bbox 908 1272 1024 1324; x_wconf 86' lang='lat' dir='ltr'>classem</span> 
     </span>
     <span class='ocr_line' id='line_1_17' title="bbox 113 1340 1024 1411; baseline 0.004 -22"><span class='ocrx_word' id='word_1_125' title='bbox 113 1347 255 1406; x_wconf 82' lang='lat' dir='ltr'>expectare</span> <span class='ocrx_word' id='word_1_126' title='bbox 275 1357 304 1391; x_wconf 89' lang='lat' dir='ltr'>se</span> <span class='ocrx_word' id='word_1_127' title='bbox 323 1341 444 1411; x_wconf 86' lang='lat' dir='ltr'>jusserat,</span> <span class='ocrx_word' id='word_1_128' title='bbox 468 1341 570 1410; x_wconf 88' lang='lat' dir='ltr'>repetit.</span> <span class='ocrx_word' id='word_1_129' title='bbox 606 1341 704 1398; x_wconf 81' lang='lat' dir='ltr'>Quarto</span> <span class='ocrx_word' id='word_1_130' title='bbox 724 1340 822 1393; x_wconf 90' lang='lat' dir='ltr'>deinde</span> <span class='ocrx_word' id='word_1_131' title='bbox 842 1340 887 1392; x_wconf 93' lang='lat' dir='ltr'>die</span> <span class='ocrx_word' id='word_1_132' title='bbox 907 1340 1024 1393; x_wconf 89' lang='lat' dir='ltr'>secundo</span> 
     </span>
     <span class='ocr_line' id='line_1_18' title="bbox 113 1409 1024 1480; baseline 0.005 -22"><span class='ocrx_word' id='word_1_133' title='bbox 113 1423 193 1460; x_wconf 89' lang='lat' dir='ltr'>amne</span> <span class='ocrx_word' id='word_1_134' title='bbox 214 1411 333 1477; x_wconf 87' lang='lat' dir='ltr'>pervenit</span> <span class='ocrx_word' id='word_1_135' title='bbox 352 1410 387 1462; x_wconf 88' lang='lat' dir='ltr'>ad</span> <span class='ocrx_word' id='word_1_136' title='bbox 406 1410 540 1480; x_wconf 89' lang='lat' dir='ltr'>oppidum,</span> <span class='ocrx_word' id='word_1_137' title='bbox 561 1411 631 1480; x_wconf 91' lang='lat' dir='ltr'>quod</span> <span class='ocrx_word' id='word_1_138' title='bbox 655 1411 682 1465; x_wconf 89' lang='lat' dir='ltr'>in</span> <span class='ocrx_word' id='word_1_139' title='bbox 706 1411 827 1478; x_wconf 83' lang='lat' dir='ltr'>regnum⁴</span> <span class='ocrx_word' id='word_1_140' title='bbox 848 1418 904 1461; x_wconf 90' lang='lat' dir='ltr'>erat</span> <span class='ocrx_word' id='word_1_141' title='bbox 924 1409 1024 1464; x_wconf 89' lang='lat' dir='ltr'>Sambi.</span> 
     </span>
     <span class='ocr_line' id='line_1_19' title="bbox 113 1476 1023 1549; baseline 0.004 -21"><span class='ocrx_word' id='word_1_142' title='bbox 113 1476 206 1545; x_wconf 88' lang='lat' dir='ltr'>Nuper</span> <span class='ocrx_word' id='word_1_143' title='bbox 218 1495 247 1530; x_wconf 90' lang='lat' dir='ltr'>se</span> <span class='ocrx_word' id='word_1_144' title='bbox 260 1478 304 1530; x_wconf 90' lang='lat' dir='ltr'>ille</span> <span class='ocrx_word' id='word_1_145' title='bbox 317 1478 464 1546; x_wconf 85' lang='lat' dir='ltr'>dediderat,</span> <span class='ocrx_word' id='word_1_146' title='bbox 478 1480 525 1532; x_wconf 89' lang='lat' dir='ltr'>sed</span> <span class='ocrx_word' id='word_1_147' title='bbox 538 1479 661 1548; x_wconf 87' lang='lat' dir='ltr'>oppidani</span> <span class='ocrx_word' id='word_1_148' title='bbox 674 1478 858 1532; x_wconf 85' lang='lat' dir='ltr'>detrectabant</span> <span class='ocrx_word' id='word_1_149' title='bbox 871 1479 1023 1549; x_wconf 89' lang='lat' dir='ltr'>imperium,</span> 
     </span>
     <span class='ocr_line' id='line_1_20' title="bbox 113 1546 1085 1619; baseline 0.005 -22"><span class='ocrx_word' id='word_1_150' title='bbox 113 1554 140 1598; x_wconf 86' lang='lat' dir='ltr'>ot</span> <span class='ocrx_word' id='word_1_151' title='bbox 152 1546 302 1600; x_wconf 85' lang='lat' dir='ltr'>clauserant</span> <span class='ocrx_word' id='word_1_152' title='bbox 314 1558 409 1619; x_wconf 90' lang='lat' dir='ltr'>portas.</span> <span class='ocrx_word' id='word_1_153' title='bbox 442 1551 557 1606; x_wconf 84' lang='lat' dir='ltr'>Quorum</span> <span class='ocrx_word' id='word_1_154' title='bbox 570 1549 704 1619; x_wconf 81' lang='lat' dir='ltr'>paucitate</span> <span class='ocrx_word' id='word_1_155' title='bbox 716 1554 877 1617; x_wconf 86' lang='lat' dir='ltr'>contempta,</span> <span class='ocrx_word' id='word_1_156' title='bbox 891 1565 937 1602; x_wconf 87' lang='lat' dir='ltr'>rex</span> <span class='ocrx_word' id='word_1_157' title='bbox 949 1549 1025 1618; x_wconf 92' lang='lat' dir='ltr'>quin·</span> <span class='ocrx_word' id='word_1_158' title='bbox 1082 1602 1085 1607; x_wconf 86' lang='grc'>,</span> 
     </span>
     <span class='ocr_line' id='line_1_21' title="bbox 111 1618 1026 1688; baseline 0.007 -21"><span class='ocrx_word' id='word_1_159' title='bbox 111 1624 205 1682; x_wconf 85' lang='lat' dir='ltr'>gentos</span> <span class='ocrx_word' id='word_1_160' title='bbox 222 1618 352 1685; x_wconf 89' lang='lat' dir='ltr'>Agrianos</span> <span class='ocrx_word' id='word_1_161' title='bbox 369 1619 476 1671; x_wconf 87' lang='lat' dir='ltr'>moenia</span> <span class='ocrx_word' id='word_1_162' title='bbox 495 1619 584 1672; x_wconf 85' lang='lat' dir='ltr'>subire</span> <span class='ocrx_word' id='word_1_163' title='bbox 600 1618 686 1688; x_wconf 86' lang='lat' dir='ltr'>jussit,</span> <span class='ocrx_word' id='word_1_164' title='bbox 702 1625 730 1670; x_wconf 88' lang='lat' dir='ltr'>et</span> <span class='ocrx_word' id='word_1_165' title='bbox 749 1619 848 1672; x_wconf 86' lang='lat' dir='ltr'>sensim</span> <span class='ocrx_word' id='word_1_166' title='bbox 867 1619 1026 1673; x_wconf 87' lang='lat' dir='ltr'>recedentes</span> 
     </span>
     <span class='ocr_line' id='line_1_22' title="bbox 112 1683 1027 1757; baseline 0.005 -21"><span class='ocrx_word' id='word_1_167' title='bbox 112 1684 210 1737; x_wconf 90' lang='lat' dir='ltr'>elicere</span> <span class='ocrx_word' id='word_1_168' title='bbox 223 1696 296 1740; x_wconf 81' lang='lat' dir='ltr'>extra</span> <span class='ocrx_word' id='word_1_169' title='bbox 308 1705 398 1740; x_wconf 88' lang='lat' dir='ltr'>muros</span> <span class='ocrx_word' id='word_1_170' title='bbox 410 1687 522 1757; x_wconf 89' lang='lat' dir='ltr'>hostem,</span> <span class='ocrx_word' id='word_1_171' title='bbox 533 1683 686 1740; x_wconf 73' lang='lat' dir='ltr'>secuturum</span> <span class='ocrx_word' id='word_1_172' title='bbox 699 1687 825 1757; x_wconf 87' lang='lat' dir='ltr'>prolecto,</span> <span class='ocrx_word' id='word_1_173' title='bbox 839 1686 862 1739; x_wconf 91' lang='lat' dir='ltr'>si</span> <span class='ocrx_word' id='word_1_174' title='bbox 875 1685 967 1754; x_wconf 86' lang='lat' dir='ltr'>lugere</span> <span class='ocrx_word' id='word_1_175' title='bbox 980 1705 1027 1741; x_wconf 86' lang='lat' dir='ltr'>eos</span> 
     </span>
     <span class='ocr_line' id='line_1_23' title="bbox 112 1753 1025 1826; baseline 0.003 -21"><span class='ocrx_word' id='word_1_176' title='bbox 112 1753 241 1807; x_wconf 87' lang='lat' dir='ltr'>crederet.</span> <span class='ocrx_word' id='word_1_177' title='bbox 285 1757 402 1824; x_wconf 85' lang='lat' dir='ltr'>Agriani,</span> <span class='ocrx_word' id='word_1_178' title='bbox 428 1757 496 1809; x_wconf 91' lang='lat' dir='ltr'>sicut</span> <span class='ocrx_word' id='word_1_179' title='bbox 519 1757 555 1809; x_wconf 93' lang='lat' dir='ltr'>im</span> <span class='ocrx_word' id='word_1_180' title='bbox 594 1766 678 1808; x_wconf 90' lang='lat' dir='ltr'>ratum</span> <span class='ocrx_word' id='word_1_181' title='bbox 704 1766 767 1824; x_wconf 86' lang='lat' dir='ltr'>erat,</span> <span class='ocrx_word' id='word_1_182' title='bbox 793 1756 917 1808; x_wconf 82' lang='lat' dir='ltr'>lacessito</span> <span class='ocrx_word' id='word_1_183' title='bbox 941 1757 1025 1826; x_wconf 89' lang='lat' dir='ltr'>hoste,</span> 
     </span>
     <span class='ocr_line' id='line_1_24' title="bbox 113 1823 1025 1894; baseline 0.002 -20"><span class='ocrx_word' id='word_1_184' title='bbox 113 1823 200 1876; x_wconf 88' lang='lat' dir='ltr'>subito</span> <span class='ocrx_word' id='word_1_185' title='bbox 219 1834 292 1892; x_wconf 85' lang='lat' dir='ltr'>terga</span> <span class='ocrx_word' id='word_1_186' title='bbox 305 1834 417 1893; x_wconf 85' lang='lat' dir='ltr'>vertunt,</span> <span class='ocrx_word' id='word_1_187' title='bbox 431 1842 497 1894; x_wconf 92' lang='lat' dir='ltr'>quos</span> <span class='ocrx_word' id='word_1_188' title='bbox 516 1825 562 1878; x_wconf 91' lang='lat' dir='ltr'>bar</span> <span class='ocrx_word' id='word_1_189' title='bbox 581 1826 620 1877; x_wconf 90' lang='lat' dir='ltr'>ari</span> <span class='ocrx_word' id='word_1_190' title='bbox 639 1824 725 1876; x_wconf 89' lang='lat' dir='ltr'>effuse</span> <span class='ocrx_word' id='word_1_191' title='bbox 744 1832 888 1892; x_wconf 87' lang='lat' dir='ltr'>sequentes</span> <span class='ocrx_word' id='word_1_192' title='bbox 906 1825 931 1874; x_wconf 90' lang='lat' dir='ltr'>in</span> <span class='ocrx_word' id='word_1_193' title='bbox 950 1824 1025 1893; x_wconf 91' lang='lat' dir='ltr'>alios,</span> 
     </span>
     <span class='ocr_line' id='line_1_25' title="bbox 113 1891 1028 1962; baseline 0.003 -19"><span class='ocrx_word' id='word_1_194' title='bbox 113 1892 182 1943; x_wconf 90' lang='lat' dir='ltr'>inter</span> <span class='ocrx_word' id='word_1_195' title='bbox 194 1910 260 1962; x_wconf 87' lang='lat' dir='ltr'>quos</span> <span class='ocrx_word' id='word_1_196' title='bbox 273 1896 330 1961; x_wconf 87' lang='lat' dir='ltr'>ipse</span> <span class='ocrx_word' id='word_1_197' title='bbox 343 1911 389 1946; x_wconf 88' lang='lat' dir='ltr'>rex</span> <span class='ocrx_word' id='word_1_198' title='bbox 403 1903 466 1962; x_wconf 88' lang='lat' dir='ltr'>erat,</span> <span class='ocrx_word' id='word_1_199' title='bbox 480 1893 609 1946; x_wconf 87' lang='lat' dir='ltr'>incidunt.</span> <span class='ocrx_word' id='word_1_200' title='bbox 646 1894 780 1946; x_wconf 85' lang='lat' dir='ltr'>Renovato</span> <span class='ocrx_word' id='word_1_201' title='bbox 793 1907 855 1958; x_wconf 90' lang='lat' dir='ltr'>ergo</span> <span class='ocrx_word' id='word_1_202' title='bbox 872 1891 978 1959; x_wconf 89' lang='lat' dir='ltr'>proelio,</span> <span class='ocrx_word' id='word_1_203' title='bbox 993 1909 1028 1946; x_wconf 87' lang='lat' dir='ltr'>ex</span> 
     </span>
     <span class='ocr_line' id='line_1_26' title="bbox 114 1960 1026 2031; baseline 0.003 -20"><span class='ocrx_word' id='word_1_204' title='bbox 114 1960 198 2013; x_wconf 88' lang='lat' dir='ltr'>tribus</span> <span class='ocrx_word' id='word_1_205' title='bbox 217 1962 326 2015; x_wconf 87' lang='lat' dir='ltr'>milibus</span> <span class='ocrx_word' id='word_1_206' title='bbox 344 1963 513 2015; x_wconf 88' lang='lat' dir='ltr'>barbarorum</span> <span class='ocrx_word' id='word_1_207' title='bbox 534 1962 654 2014; x_wconf 87' lang='lat' dir='ltr'>sexcenti</span> <span class='ocrx_word' id='word_1_208' title='bbox 675 1961 747 2013; x_wconf 89' lang='lat' dir='ltr'>caesi</span> <span class='ocrx_word' id='word_1_209' title='bbox 766 1969 834 2029; x_wconf 89' lang='lat' dir='ltr'>sunt,</span> <span class='ocrx_word' id='word_1_210' title='bbox 853 1960 928 2013; x_wconf 91' lang='lat' dir='ltr'>mille</span> <span class='ocrx_word' id='word_1_211' title='bbox 946 1962 1026 2031; x_wconf 89' lang='lat' dir='ltr'>capti,</span> 
     </span>
     <span class='ocr_line' id='line_1_27' title="bbox 113 2030 545 2084; baseline 0.005 -4"><span class='ocrx_word' id='word_1_212' title='bbox 113 2030 196 2081; x_wconf 86' lang='lat' dir='ltr'>ceteri</span> <span class='ocrx_word' id='word_1_213' title='bbox 209 2031 349 2083; x_wconf 90' lang='lat' dir='ltr'>moenibus</span> <span class='ocrx_word' id='word_1_214' title='bbox 361 2032 433 2084; x_wconf 89' lang='lat' dir='ltr'>urbis</span> <span class='ocrx_word' id='word_1_215' title='bbox 444 2032 545 2084; x_wconf 90' lang='lat' dir='ltr'>inclusi.</span> 
     </span>
    </p>

    <p class='ocr_par' dir='ltr' id='par_1_4' title="bbox 107 2099 1030 2932">
     <span class='ocr_line' id='line_1_28' title="bbox 148 2099 1028 2170; baseline 0.002 -20"><span class='ocrx_word' id='word_1_216' title='bbox 148 2103 189 2150; x_wconf 89' lang='grc'>33.</span> <span class='ocrx_word' id='word_1_217' title='bbox 208 2099 260 2151; x_wconf 87' lang='lat' dir='ltr'>Sed</span> <span class='ocrx_word' id='word_1_218' title='bbox 276 2117 327 2152; x_wconf 92' lang='lat' dir='ltr'>non</span> <span class='ocrx_word' id='word_1_219' title='bbox 345 2110 374 2153; x_wconf 89' lang='lat' dir='ltr'>ut</span> <span class='ocrx_word' id='word_1_220' title='bbox 412 2101 478 2153; x_wconf 90' lang='lat' dir='ltr'>rima</span> <span class='ocrx_word' id='word_1_221' title='bbox 490 2100 580 2170; x_wconf 89' lang='lat' dir='ltr'>specie</span> <span class='ocrx_word' id='word_1_222' title='bbox 592 2100 663 2152; x_wconf 88' lang='lat' dir='ltr'>laeta</span> <span class='ocrx_word' id='word_1_223' title='bbox 675 2100 791 2168; x_wconf 87' lang='lat' dir='ltr'>victoria,</span> <span class='ocrx_word' id='word_1_224' title='bbox 804 2099 842 2151; x_wconf 91' lang='lat' dir='ltr'>ita</span> <span class='ocrx_word' id='word_1_225' title='bbox 853 2109 950 2153; x_wconf 86' lang='lat' dir='ltr'>eventu</span> <span class='ocrx_word' id='word_1_226' title='bbox 962 2114 1028 2169; x_wconf 92' lang='lat' dir='ltr'>quo-</span> 
     </span>
     <span class='ocr_line' id='line_1_29' title="bbox 113 2119 1029 2239; baseline 0.002 -19"><span class='ocrx_word' id='word_1_227' title='bbox 113 2183 167 2235; x_wconf 91' lang='lat' dir='ltr'>que</span> <span class='ocrx_word' id='word_1_228' title='bbox 186 2168 248 2221; x_wconf 87' lang='lat' dir='ltr'>luit:</span> <span class='ocrx_word' id='word_1_229' title='bbox 273 2170 372 2239; x_wconf 88' lang='lat' dir='ltr'>quippe</span> <span class='ocrx_word' id='word_1_230' title='bbox 389 2119 495 2223; x_wconf 62' lang='lat' dir='ltr'>barbari</span> <span class='ocrx_word' id='word_1_231' title='bbox 512 2184 615 2222; x_wconf 85' lang='lat' dir='ltr'>veneno</span> <span class='ocrx_word' id='word_1_232' title='bbox 636 2170 767 2222; x_wconf 79' lang='lat' dir='ltr'>tinxerant</span> <span class='ocrx_word' id='word_1_233' title='bbox 786 2169 897 2236; x_wconf 82' lang='lat' dir='ltr'>gladios.</span> <span class='ocrx_word' id='word_1_234' title='bbox 933 2169 1029 2238; x_wconf 87' lang='lat' dir='ltr'>itaque</span> 
     </span>
     <span class='ocr_line' id='line_1_30' title="bbox 114 2237 1030 2309; baseline 0.004 -21"><span class='ocrx_word' id='word_1_235' title='bbox 114 2237 198 2289; x_wconf 88' lang='lat' dir='ltr'>saucii</span> <span class='ocrx_word' id='word_1_236' title='bbox 220 2239 343 2294; x_wconf 84' lang='lat' dir='ltr'>subinde⁶</span> <span class='ocrx_word' id='word_1_237' title='bbox 361 2240 523 2309; x_wconf 85' lang='lat' dir='ltr'>expirabant,</span> <span class='ocrx_word' id='word_1_238' title='bbox 543 2257 593 2292; x_wconf 89' lang='lat' dir='ltr'>nec</span> <span class='ocrx_word' id='word_1_239' title='bbox 614 2256 695 2291; x_wconf 87' lang='lat' dir='ltr'>causa</span> <span class='ocrx_word' id='word_1_240' title='bbox 716 2248 771 2292; x_wconf 90' lang='lat' dir='ltr'>tam</span> <span class='ocrx_word' id='word_1_241' title='bbox 792 2247 915 2290; x_wconf 91' lang='lat' dir='ltr'>strenuae</span> <span class='ocrx_word' id='word_1_242' title='bbox 934 2239 1030 2292; x_wconf 77' lang='lat' dir='ltr'>mortis</span> 
     </span>
     <span class='ocr_line' id='line_1_31' title="bbox 114 2307 1026 2377; baseline 0.002 -21"><span class='ocrx_word' id='word_1_243' title='bbox 114 2307 258 2374; x_wconf 87' lang='lat' dir='ltr'>excogitari</span> <span class='ocrx_word' id='word_1_244' title='bbox 271 2319 398 2376; x_wconf 84' lang='lat' dir='ltr'>potetate</span> <span class='ocrx_word' id='word_1_245' title='bbox 410 2308 530 2377; x_wconf 88' lang='lat' dir='ltr'>medicis,</span> <span class='ocrx_word' id='word_1_246' title='bbox 544 2326 606 2362; x_wconf 90' lang='lat' dir='ltr'>cum</span> <span class='ocrx_word' id='word_1_247' title='bbox 625 2309 706 2361; x_wconf 89' lang='lat' dir='ltr'>etiam</span> <span class='ocrx_word' id='word_1_248' title='bbox 726 2309 801 2360; x_wconf 89' lang='lat' dir='ltr'>leves</span> <span class='ocrx_word' id='word_1_249' title='bbox 815 2308 910 2376; x_wconf 86' lang='lat' dir='ltr'>plagae</span> <span class='ocrx_word' id='word_1_250' title='bbox 922 2307 1026 2359; x_wconf 88' lang='lat' dir='ltr'>insana·</span> 
     </span>
     <span class='ocr_line' id='line_1_32' title="bbox 114 2373 1026 2447; baseline 0.001 -20"><span class='ocrx_word' id='word_1_251' title='bbox 114 2373 182 2427; x_wconf 90' lang='lat' dir='ltr'>biles</span> <span class='ocrx_word' id='word_1_252' title='bbox 194 2386 292 2429; x_wconf 82' lang='lat' dir='ltr'>essent.</span> <span class='ocrx_word' id='word_1_253' title='bbox 328 2378 436 2431; x_wconf 88' lang='lat' dir='ltr'>Barbari</span> <span class='ocrx_word' id='word_1_254' title='bbox 454 2386 545 2430; x_wconf 90' lang='lat' dir='ltr'>autem</span> <span class='ocrx_word' id='word_1_255' title='bbox 564 2387 734 2447; x_wconf 85' lang='lat' dir='ltr'>speraverant</span> <span class='ocrx_word' id='word_1_256' title='bbox 754 2378 888 2430; x_wconf 88' lang='lat' dir='ltr'>incautum</span> <span class='ocrx_word' id='word_1_257' title='bbox 902 2383 929 2427; x_wconf 90' lang='lat' dir='ltr'>et</span> <span class='ocrx_word' id='word_1_258' title='bbox 941 2384 1026 2428; x_wconf 89' lang='lat' dir='ltr'>teme·</span> 
     </span>
     <span class='ocr_line' id='line_1_33' title="bbox 115 2443 1026 2516; baseline 0.004 -22"><span class='ocrx_word' id='word_1_259' title='bbox 115 2443 211 2497; x_wconf 91' lang='lat' dir='ltr'>rarinm</span> <span class='ocrx_word' id='word_1_260' title='bbox 237 2463 326 2514; x_wconf 85' lang='lat' dir='ltr'>regem</span> <span class='ocrx_word' id='word_1_261' title='bbox 352 2448 439 2515; x_wconf 83' lang='lat' dir='ltr'>excipi</span> <span class='ocrx_word' id='word_1_262' title='bbox 463 2463 549 2516; x_wconf 92' lang='lat' dir='ltr'>posse.</span> <span class='ocrx_word' id='word_1_263' title='bbox 587 2448 621 2499; x_wconf 86' lang='lat' dir='ltr'>Et</span> <span class='ocrx_word' id='word_1_264' title='bbox 641 2446 708 2498; x_wconf 87' lang='lat' dir='ltr'>lorte</span> <span class='ocrx_word' id='word_1_265' title='bbox 728 2447 797 2498; x_wconf 87' lang='lat' dir='ltr'>inter</span> <span class='ocrx_word' id='word_1_266' title='bbox 817 2445 1026 2513; x_wconf 87' lang='lat' dir='ltr'>promptissimos</span> 
     </span>
     <span class='ocr_line' id='line_1_34' title="bbox 114 2512 1025 2584; baseline 0.001 -19"><span class='ocrx_word' id='word_1_267' title='bbox 114 2513 244 2567; x_wconf 89' lang='lat' dir='ltr'>dimicans</span> <span class='ocrx_word' id='word_1_268' title='bbox 271 2517 385 2568; x_wconf 88' lang='lat' dir='ltr'>intactus</span> <span class='ocrx_word' id='word_1_269' title='bbox 410 2525 540 2568; x_wconf 85' lang='lat' dir='ltr'>evaserat.</span> <span class='ocrx_word' id='word_1_270' title='bbox 575 2515 721 2584; x_wconf 86' lang='lat' dir='ltr'>Praecipue</span> <span class='ocrx_word' id='word_1_271' title='bbox 748 2514 924 2581; x_wconf 87' lang='lat' dir='ltr'>Ptolemaeus,</span> <span class='ocrx_word' id='word_1_272' title='bbox 948 2512 1025 2566; x_wconf 82' lang='lat' dir='ltr'>laeto</span> 
     </span>
     <span class='ocr_line' id='line_1_35' title="bbox 114 2581 1024 2654; baseline 0.003 -20"><span class='ocrx_word' id='word_1_273' title='bbox 114 2581 223 2636; x_wconf 92' lang='lat' dir='ltr'>humero</span> <span class='ocrx_word' id='word_1_274' title='bbox 244 2585 338 2636; x_wconf 86' lang='lat' dir='ltr'>leviter</span> <span class='ocrx_word' id='word_1_275' title='bbox 358 2586 468 2654; x_wconf 91' lang='lat' dir='ltr'>quidem</span> <span class='ocrx_word' id='word_1_276' title='bbox 488 2585 602 2652; x_wconf 89' lang='lat' dir='ltr'>saucius,</span> <span class='ocrx_word' id='word_1_277' title='bbox 622 2584 670 2636; x_wconf 91' lang='lat' dir='ltr'>sed</span> <span class='ocrx_word' id='word_1_278' title='bbox 688 2583 789 2653; x_wconf 87' lang='lat' dir='ltr'>majore</span> <span class='ocrx_word' id='word_1_279' title='bbox 807 2581 924 2652; x_wconf 87' lang='lat' dir='ltr'>periculo</span> <span class='ocrx_word' id='word_1_280' title='bbox 942 2599 1024 2652; x_wconf 90' lang='lat' dir='ltr'>quam</span> 
     </span>
     <span class='ocr_line' id='line_1_36' title="bbox 114 2650 1024 2723; baseline 0.004 -21"><span class='ocrx_word' id='word_1_281' title='bbox 114 2650 223 2705; x_wconf 90' lang='lat' dir='ltr'>vulnere</span> <span class='ocrx_word' id='word_1_282' title='bbox 236 2654 357 2721; x_wconf 86' lang='lat' dir='ltr'>affectus,</span> <span class='ocrx_word' id='word_1_283' title='bbox 372 2655 441 2723; x_wconf 87' lang='lat' dir='ltr'>regie</span> <span class='ocrx_word' id='word_1_284' title='bbox 453 2654 657 2707; x_wconf 91' lang='lat' dir='ltr'>sollicitudinem</span> <span class='ocrx_word' id='word_1_285' title='bbox 671 2654 739 2706; x_wconf 91' lang='lat' dir='ltr'>inse</span> <span class='ocrx_word' id='word_1_286' title='bbox 752 2659 925 2705; x_wconf 80' lang='lat' dir='ltr'>converterat.</span> <span class='ocrx_word' id='word_1_287' title='bbox 961 2652 1024 2706; x_wconf 84' lang='lat' dir='ltr'>San·</span> 
     </span>
     <span class='ocr_line' id='line_1_37' title="bbox 112 2721 1023 2793; baseline 0.002 -21"><span class='ocrx_word' id='word_1_288' title='bbox 112 2721 194 2788; x_wconf 84' lang='lat' dir='ltr'>guina</span> <span class='ocrx_word' id='word_1_289' title='bbox 206 2723 362 2792; x_wconf 87' lang='lat' dir='ltr'>conjunctus</span> <span class='ocrx_word' id='word_1_290' title='bbox 373 2735 437 2793; x_wconf 88' lang='lat' dir='ltr'>erat,</span> <span class='ocrx_word' id='word_1_291' title='bbox 451 2735 477 2776; x_wconf 89' lang='lat' dir='ltr'>et</span> <span class='ocrx_word' id='word_1_292' title='bbox 489 2723 601 2792; x_wconf 90' lang='lat' dir='ltr'>quidam</span> <span class='ocrx_word' id='word_1_293' title='bbox 613 2722 734 2792; x_wconf 89' lang='lat' dir='ltr'>Philippo</span> <span class='ocrx_word' id='word_1_294' title='bbox 751 2722 871 2790; x_wconf 89' lang='lat' dir='ltr'>genitum</span> <span class='ocrx_word' id='word_1_295' title='bbox 889 2737 950 2773; x_wconf 85' lang='lat' dir='ltr'>esse</span> <span class='ocrx_word' id='word_1_296' title='bbox 967 2739 1023 2774; x_wconf 88' lang='lat' dir='ltr'>cre·</span> 
     </span>
     <span class='ocr_line' id='line_1_38' title="bbox 107 2789 1025 2862; baseline 0.002 -21"><span class='ocrx_word' id='word_1_297' title='bbox 107 2789 219 2861; x_wconf 75' lang='lat' dir='ltr'>debant,</span> <span class='ocrx_word' id='word_1_298' title='bbox 240 2802 312 2844; x_wconf 86' lang='lat' dir='ltr'>certe</span> <span class='ocrx_word' id='word_1_299' title='bbox 331 2792 427 2862; x_wconf 91' lang='lat' dir='ltr'>pellice</span> <span class='ocrx_word' id='word_1_300' title='bbox 449 2793 508 2862; x_wconf 87' lang='lat' dir='ltr'>ejus</span> <span class='ocrx_word' id='word_1_301' title='bbox 526 2801 611 2846; x_wconf 91' lang='lat' dir='ltr'>ortum</span> <span class='ocrx_word' id='word_1_302' title='bbox 633 2792 779 2844; x_wconf 84' lang='lat' dir='ltr'>constabat.</span> <span class='ocrx_word' id='word_1_303' title='bbox 815 2791 889 2844; x_wconf 90' lang='lat' dir='ltr'>Idem</span> <span class='ocrx_word' id='word_1_304' title='bbox 910 2792 1025 2860; x_wconf 87' lang='lat' dir='ltr'>corporis</span> 
     </span>
     <span class='ocr_line' id='line_1_39' title="bbox 113 2859 1023 2932; baseline 0.003 -21"><span class='ocrx_word' id='word_1_305' title='bbox 113 2870 208 2930; x_wconf 88' lang='lat' dir='ltr'>costos,</span> <span class='ocrx_word' id='word_1_306' title='bbox 233 2862 500 2932; x_wconf 85' lang='lat' dir='ltr'>promptissimusque</span> <span class='ocrx_word' id='word_1_307' title='bbox 526 2861 645 2927; x_wconf 91' lang='lat' dir='ltr'>bellator,</span> <span class='ocrx_word' id='word_1_308' title='bbox 670 2869 697 2914; x_wconf 91' lang='lat' dir='ltr'>et</span> <span class='ocrx_word' id='word_1_309' title='bbox 723 2860 797 2931; x_wconf 90' lang='lat' dir='ltr'>pacis</span> <span class='ocrx_word' id='word_1_310' title='bbox 819 2859 920 2913; x_wconf 89' lang='lat' dir='ltr'>artibus</span> <span class='ocrx_word' id='word_1_311' title='bbox 942 2877 1023 2931; x_wconf 88' lang='lat' dir='ltr'>quam</span> 
     </span>
    </p>
   </div>
   <div class='ocr_carea' id='block_1_3' title="bbox 140 2996 915 3133">
    <p class='ocr_par' dir='ltr' id='par_1_5' title="bbox 140 2996 915 3133">
     <span class='ocr_line' id='line_1_40' title="bbox 142 2996 915 3058; baseline -0.003 -11"><span class='ocrx_word' id='word_1_312' title='bbox 142 3004 148 3027; x_wconf 93' lang='lat'><strong>¹</strong></span> <span class='ocrx_word' id='word_1_313' title='bbox 160 2998 208 3047; x_wconf 86' lang='lat' dir='ltr'>For</span> <span class='ocrx_word' id='word_1_314' title='bbox 219 2999 261 3046; x_wconf 90' lang='lat' dir='ltr'>the</span> <span class='ocrx_word' id='word_1_315' title='bbox 271 3008 430 3058; x_wconf 87' lang='lat' dir='ltr'>government</span> <span class='ocrx_word' id='word_1_316' title='bbox 441 2997 469 3045; x_wconf 84' lang='lat' dir='ltr'>ol</span> <span class='ocrx_word' id='word_1_317' title='bbox 480 2999 575 3054; x_wconf 79' lang='lat' dir='ltr'>similit,</span> <span class='ocrx_word' id='word_1_318' title='bbox 588 3013 630 3045; x_wconf 90' lang='lat' dir='ltr'>see</span> <span class='ocrx_word' id='word_1_319' title='bbox 644 2997 725 3046; x_wconf 85' lang='lat' dir='ltr'>Grom.</span> <span class='ocrx_word' id='word_1_320' title='bbox 737 2996 812 3054; x_wconf 72' lang='lat' dir='ltr'>b267,</span> <span class='ocrx_word' id='word_1_321' title='bbox 826 3006 882 3046; x_wconf 87' lang='lat' dir='ltr'>uoto</span> <span class='ocrx_word' id='word_1_322' title='bbox 893 3001 915 3045; x_wconf 85' lang='lat'>2.</span> 
     </span>
     <span class='ocr_line' id='line_1_41' title="bbox 140 3071 609 3133; baseline -0.006 -11"><span class='ocrx_word' id='word_1_323' title='bbox 140 3080 151 3104; x_wconf 82' lang='lat'>²</span> <span class='ocrx_word' id='word_1_324' title='bbox 162 3074 215 3122; x_wconf 87' lang='lat' dir='ltr'>‘Of</span> <span class='ocrx_word' id='word_1_325' title='bbox 226 3090 240 3121; x_wconf 89' lang='lat' dir='ltr'>a</span> <span class='ocrx_word' id='word_1_326' title='bbox 250 3089 352 3133; x_wconf 86' lang='lat' dir='ltr'>passage</span> <span class='ocrx_word' id='word_1_327' title='bbox 363 3073 413 3133; x_wconf 89' lang='lat' dir='ltr'>dug</span> <span class='ocrx_word' id='word_1_328' title='bbox 423 3071 609 3132; x_wconf 83' lang='lat' dir='ltr'>underground’</span> 
     </span>
    </p>
   </div>
   <div class='ocr_carea' id='block_1_4' title="bbox 112 3142 1025 3325">
    <p class='ocr_par' dir='ltr' id='par_1_6' title="bbox 112 3142 1025 3325">
     <span class='ocr_line' id='line_1_42' title="bbox 141 3142 1022 3201; baseline -0.003 -6"><span class='ocrx_word' id='word_1_329' title='bbox 141 3147 216 3196; x_wconf 75' lang='lat' dir='ltr'>&#39;The</span> <span class='ocrx_word' id='word_1_330' title='bbox 247 3146 321 3194; x_wconf 87' lang='lat' dir='ltr'>erfect</span> <span class='ocrx_word' id='word_1_331' title='bbox 338 3145 454 3192; x_wconf 81' lang='lat' dir='ltr'>infinitiva</span> <span class='ocrx_word' id='word_1_332' title='bbox 465 3145 493 3192; x_wconf 84' lang='lat' dir='ltr'>os</span> <span class='ocrx_word' id='word_1_333' title='bbox 505 3162 583 3201; x_wconf 79' lang='lat' dir='ltr'>veneo,</span> <span class='ocrx_word' id='word_1_334' title='bbox 599 3144 626 3192; x_wconf 73' lang='grc' dir='ltr'>Ἰ</span> <span class='ocrx_word' id='word_1_335' title='bbox 638 3161 677 3192; x_wconf 88' lang='lat' dir='ltr'>arn</span> <span class='ocrx_word' id='word_1_336' title='bbox 688 3143 758 3193; x_wconf 83' lang='lat' dir='ltr'>sold&#39;</span> <span class='ocrx_word' id='word_1_337' title='bbox 792 3145 839 3194; x_wconf 83' lang='lat' dir='ltr'>See</span> <span class='ocrx_word' id='word_1_338' title='bbox 853 3144 933 3192; x_wconf 83' lang='lat' dir='ltr'>Grom.</span> <span class='ocrx_word' id='word_1_339' title='bbox 945 3142 959 3194; x_wconf 70' lang='lat' dir='ltr'>i</span> <span class='ocrx_word' id='word_1_340' title='bbox 969 3145 1022 3201; x_wconf 78' lang='lat' dir='ltr'>tte,</span> 
     </span>
     <span class='ocr_line' id='line_1_43' title="bbox 112 3162 1025 3273; baseline -0.003 -19"><span class='ocrx_word' id='word_1_341' title='bbox 112 3210 200 3254; x_wconf 71' lang='lat' dir='ltr'>notet.</span> <span class='ocrx_word' id='word_1_342' title='bbox 231 3162 255 3253; x_wconf 71' lang='lat' dir='ltr'>it</span> <span class='ocrx_word' id='word_1_343' title='bbox 267 3220 318 3252; x_wconf 85' lang='lat' dir='ltr'>was</span> <span class='ocrx_word' id='word_1_344' title='bbox 334 3205 375 3252; x_wconf 88' lang='lat' dir='ltr'>the</span> <span class='ocrx_word' id='word_1_345' title='bbox 392 3215 487 3273; x_wconf 80' lang='lat' dir='ltr'>custorn</span> <span class='ocrx_word' id='word_1_346' title='bbox 503 3214 527 3251; x_wconf 85' lang='lat' dir='ltr'>at</span> <span class='ocrx_word' id='word_1_347' title='bbox 547 3203 626 3252; x_wconf 86' lang='lat' dir='ltr'>Roma</span> <span class='ocrx_word' id='word_1_348' title='bbox 644 3204 681 3252; x_wconf 83' lang='lat' dir='ltr'>ior</span> <span class='ocrx_word' id='word_1_349' title='bbox 699 3204 820 3264; x_wconf 86' lang='lat' dir='ltr'>prisoners</span> <span class='ocrx_word' id='word_1_350' title='bbox 835 3202 863 3252; x_wconf 83' lang='lat' dir='ltr'>ol</span> <span class='ocrx_word' id='word_1_351' title='bbox 875 3217 934 3259; x_wconf 80' lang='lat' dir='ltr'>war,</span> <span class='ocrx_word' id='word_1_352' title='bbox 951 3201 1025 3251; x_wconf 79' lang='lat' dir='ltr'>when</span> 
     </span>
     <span class='ocr_line' id='line_1_44' title="bbox 112 3264 712 3325; baseline -0.002 -13"><span class='ocrx_word' id='word_1_353' title='bbox 112 3265 216 3325; x_wconf 79' lang='lat' dir='ltr'>brought</span> <span class='ocrx_word' id='word_1_354' title='bbox 227 3275 252 3312; x_wconf 85' lang='lat' dir='ltr'>to</span> <span class='ocrx_word' id='word_1_355' title='bbox 263 3264 313 3312; x_wconf 86' lang='lat' dir='ltr'>sale</span> <span class='ocrx_word' id='word_1_356' title='bbox 324 3266 357 3324; x_wconf 84' lang='lat' dir='ltr'>by</span> <span class='ocrx_word' id='word_1_357' title='bbox 368 3274 473 3319; x_wconf 77' lang='lat' dir='ltr'>cumton,</span> <span class='ocrx_word' id='word_1_358' title='bbox 487 3273 512 3310; x_wconf 88' lang='lat' dir='ltr'>tc</span> <span class='ocrx_word' id='word_1_359' title='bbox 523 3278 589 3310; x_wconf 86' lang='lat' dir='ltr'>wear</span> <span class='ocrx_word' id='word_1_360' title='bbox 599 3279 615 3310; x_wconf 91' lang='lat' dir='ltr'>a</span> <span class='ocrx_word' id='word_1_361' title='bbox 624 3278 712 3311; x_wconf 85' lang='lat' dir='ltr'>crown.</span> 
     </span>
    </p>
   </div>
   <div class='ocr_carea' id='block_1_5' title="bbox 141 3338 613 3471">
    <p class='ocr_par' dir='ltr' id='par_1_7' title="bbox 141 3338 613 3471">
     <span class='ocr_line' id='line_1_45' title="bbox 141 3338 613 3403; baseline 0 -15"><span class='ocrx_word' id='word_1_362' title='bbox 141 3340 208 3388; x_wconf 80' lang='lat' dir='ltr'>‘For</span> <span class='ocrx_word' id='word_1_363' title='bbox 218 3342 242 3389; x_wconf 81' lang='lat' dir='ltr'>in</span> <span class='ocrx_word' id='word_1_364' title='bbox 256 3359 334 3403; x_wconf 83' lang='lat' dir='ltr'>regno.</span> <span class='ocrx_word' id='word_1_365' title='bbox 367 3339 414 3387; x_wconf 87' lang='lat' dir='ltr'>See</span> <span class='ocrx_word' id='word_1_366' title='bbox 427 3338 525 3399; x_wconf 87' lang='lat' dir='ltr'>Zumpt,</span> <span class='ocrx_word' id='word_1_367' title='bbox 537 3338 552 3391; x_wconf 70' lang='lat' dir='ltr'>i</span> <span class='ocrx_word' id='word_1_368' title='bbox 562 3342 613 3389; x_wconf 80' lang='lat'>316.</span> 
     </span>
     <span class='ocr_line' id='line_1_46' title="bbox 142 3409 515 3471; baseline 0 -11"><span class='ocrx_word' id='word_1_369' title='bbox 142 3418 150 3442; x_wconf 79' lang='lat'>¹</span> <span class='ocrx_word' id='word_1_370' title='bbox 161 3410 347 3471; x_wconf 82' lang='lat' dir='ltr'>‘Immediately</span> <span class='ocrx_word' id='word_1_371' title='bbox 357 3409 515 3460; x_wconf 63' lang='lat' dir='ltr'>afterwards)</span> 
     </span>
    </p>
   </div>
   <div class='ocr_carea' id='block_1_6' title="bbox 212 3487 601 3542">
    <p class='ocr_par' dir='ltr' id='par_1_8' title="bbox 212 3487 601 3542">
     <span class='ocr_line' id='line_1_47' title="bbox 212 3487 601 3542; baseline -0.003 -7"><span class='ocrx_word' id='word_1_372' title='bbox 212 3487 245 3535; x_wconf 84' lang='lat'>19</span> <span class='ocrx_word' id='word_1_373' title='bbox 580 3501 601 3542; x_wconf 74' lang='grc' dir='ltr'>ιι</span> 
     </span>
    </p>
   </div>
   <div class='ocr_carea' id='block_1_7' title="bbox 0 0 1145 3772">
    <p class='ocr_par' dir='ltr' id='par_1_9' title="bbox 0 0 1145 3772">
     <span class='ocr_line' id='line_1_48' title="bbox 0 0 1145 3772; baseline 0 0"><span class='ocrx_word' id='word_1_374' title='bbox 0 0 1145 3772; x_wconf 95' lang='lat' dir='ltr'> </span> 
     </span>
    </p>
   </div>
  </div>
 </body>
</html>
