<?xml version="1.0" encoding="UTF-8"?>
<!DOCTYPE html PUBLIC "-//W3C//DTD XHTML 1.0 Transitional//EN"
    "http://www.w3.org/TR/xhtml1/DTD/xhtml1-transitional.dtd">
<html xmlns="http://www.w3.org/1999/xhtml" xml:lang="en" lang="en">
 <head>
  <title>
</title>
<meta http-equiv="Content-Type" content="text/html;charset=utf-8" />
  <meta name='ocr-system' content='tesseract 3.04.00' />
  <meta name='ocr-capabilities' content='ocr_page ocr_carea ocr_par ocr_line ocrx_word'/>
</head>
<body>
  <div class='ocr_page' id='page_1' title='image "./degestisalexand00rufugoog_0331.png"; bbox 0 0 2274 3772; ppageno 0'>
   <div class='ocr_carea' id='block_1_1' title="bbox 126 186 767 250">
    <p class='ocr_par' dir='ltr' id='par_1_1' title="bbox 126 186 767 250">
     <span class='ocr_line' id='line_1_1' title="bbox 126 186 767 250; baseline 0.005 -5"><span class='ocrx_word' id='word_1_1' title='bbox 126 186 186 245; x_wconf 76' lang='lat'><strong>810</strong></span> <span class='ocrx_word' id='word_1_2' title='bbox 393 205 433 246; x_wconf 75' lang='lat' dir='ltr'><strong>ua</strong></span> <span class='ocrx_word' id='word_1_3' title='bbox 456 206 563 248; x_wconf 78' lang='lat' dir='ltr'><strong>arsuro</strong></span> <span class='ocrx_word' id='word_1_4' title='bbox 583 207 767 250; x_wconf 67' lang='lat' dir='ltr'><strong>araxorum.</strong></span> 
     </span>
    </p>
   </div>
   <div class='ocr_carea' id='block_1_2' title="bbox 122 315 1047 2613">
    <p class='ocr_par' dir='ltr' id='par_1_2' title="bbox 125 315 1047 945">
     <span class='ocr_line' id='line_1_2' title="bbox 127 315 1047 388; baseline 0.005 -20"><span class='ocrx_word' id='word_1_5' title='bbox 127 315 206 385; x_wconf 88' lang='lat' dir='ltr'><strong>tione,</strong></span> <span class='ocrx_word' id='word_1_6' title='bbox 218 330 270 369; x_wconf 87' lang='lat' dir='ltr'><strong>non</strong></span> <span class='ocrx_word' id='word_1_7' title='bbox 286 315 356 385; x_wconf 86' lang='lat' dir='ltr'><strong>justa</strong></span> <span class='ocrx_word' id='word_1_8' title='bbox 371 316 459 386; x_wconf 87' lang='lat' dir='ltr'><strong>modo,</strong></span> <span class='ocrx_word' id='word_1_9' title='bbox 472 317 613 370; x_wconf 83' lang='lat' dir='ltr'><strong>sedetiam</strong></span> <span class='ocrx_word' id='word_1_10' title='bbox 626 317 784 388; x_wconf 83' lang='lat' dir='ltr'><strong>necessaria,</strong></span> <span class='ocrx_word' id='word_1_11' title='bbox 796 326 909 371; x_wconf 81' lang='lat' dir='ltr'><strong>exactos</strong></span> <span class='ocrx_word' id='word_1_12' title='bbox 920 321 1047 374; x_wconf 74' lang='lat' dir='ltr'><strong>menses¹</strong></span> 
     </span>
     <span class='ocr_line' id='line_1_3' title="bbox 126 384 1046 465; baseline 0.008 -28"><span class='ocrx_word' id='word_1_13' title='bbox 126 384 199 438; x_wconf 88' lang='lat' dir='ltr'><strong>solus</strong></span> <span class='ocrx_word' id='word_1_14' title='bbox 210 394 340 465; x_wconf 77' lang='lat' dir='ltr'>expectat,</span> <span class='ocrx_word' id='word_1_15' title='bbox 354 394 381 439; x_wconf 87' lang='lat' dir='ltr'><strong>et</strong></span> <span class='ocrx_word' id='word_1_16' title='bbox 391 385 449 455; x_wconf 84' lang='lat' dir='ltr'><strong>jam</strong></span> <span class='ocrx_word' id='word_1_17' title='bbox 459 387 560 441; x_wconf 83' lang='lat' dir='ltr'><strong>divinat</strong></span> <span class='ocrx_word' id='word_1_18' title='bbox 572 403 675 440; x_wconf 90' lang='lat' dir='ltr'><strong>marem</strong></span> <span class='ocrx_word' id='word_1_19' title='bbox 686 403 747 440; x_wconf 83' lang='lat' dir='ltr'><strong>esse</strong></span> <span class='ocrx_word' id='word_1_20' title='bbox 758 397 918 458; x_wconf 87' lang='lat' dir='ltr'><strong>conceptum</strong></span> <span class='ocrx_word' id='word_1_21' title='bbox 930 405 938 457; x_wconf 83' lang='lat'>3</span> <span class='ocrx_word' id='word_1_22' title='bbox 957 405 1046 458; x_wconf 87' lang='lat' dir='ltr'><strong>quem</strong></span> 
     </span>
     <span class='ocr_line' id='line_1_4' title="bbox 126 453 1046 526; baseline 0.005 -18"><span class='ocrx_word' id='word_1_23' title='bbox 126 470 174 508; x_wconf 80' lang='lat' dir='ltr'><strong>voa</strong></span> <span class='ocrx_word' id='word_1_24' title='bbox 193 453 320 508; x_wconf 79' lang='lat' dir='ltr'><strong>dubitetis</strong></span> <span class='ocrx_word' id='word_1_25' title='bbox 343 465 470 526; x_wconf 82' lang='lat' dir='ltr'><strong>paratum,</strong></span> <span class='ocrx_word' id='word_1_26' title='bbox 487 473 547 510; x_wconf 81' lang='lat' dir='ltr'><strong>esee</strong></span> <span class='ocrx_word' id='word_1_27' title='bbox 565 457 607 511; x_wconf 82' lang='lat' dir='ltr'><strong>vel</strong></span> <span class='ocrx_word' id='word_1_28' title='bbox 632 457 767 510; x_wconf 69' lang='lat' dir='ltr'><strong>subdere.¹</strong></span> <span class='ocrx_word' id='word_1_29' title='bbox 800 457 826 510; x_wconf 83' lang='lat' dir='ltr'><strong>si</strong></span> <span class='ocrx_word' id='word_1_30' title='bbox 850 458 1046 513; x_wconf 80' lang='lat' dir='ltr'><strong>mediusfidius</strong></span> 
     </span>
     <span class='ocr_line' id='line_1_5' title="bbox 126 522 1044 598; baseline 0.005 -20"><span class='ocrx_word' id='word_1_31' title='bbox 126 522 278 578; x_wconf 78' lang='lat' dir='ltr'><strong>Alexander</strong></span> <span class='ocrx_word' id='word_1_32' title='bbox 289 524 361 578; x_wconf 89' lang='lat' dir='ltr'><strong>hunc</strong></span> <span class='ocrx_word' id='word_1_33' title='bbox 375 526 452 579; x_wconf 89' lang='lat' dir='ltr'><strong>nobis</strong></span> <span class='ocrx_word' id='word_1_34' title='bbox 469 543 560 594; x_wconf 87' lang='lat' dir='ltr'><strong>regern</strong></span> <span class='ocrx_word' id='word_1_35' title='bbox 578 543 624 598; x_wconf 92' lang='lat' dir='ltr'><strong>pro</strong></span> <span class='ocrx_word' id='word_1_36' title='bbox 642 544 671 578; x_wconf 92' lang='lat' dir='ltr'><strong>se</strong></span> <span class='ocrx_word' id='word_1_37' title='bbox 690 525 847 596; x_wconf 73' lang='lat' dir='ltr'>reliquisset,</span> <span class='ocrx_word' id='word_1_38' title='bbox 861 525 889 579; x_wconf 92' lang='lat' dir='ltr'><strong>id</strong></span> <span class='ocrx_word' id='word_1_39' title='bbox 902 528 994 582; x_wconf 89' lang='lat' dir='ltr'><strong>solum</strong></span> <span class='ocrx_word' id='word_1_40' title='bbox 1008 544 1044 583; x_wconf 88' lang='lat' dir='ltr'><strong>ex</strong></span> 
     </span>
     <span class='ocr_line' id='line_1_6' title="bbox 126 592 1043 666; baseline 0.007 -21"><span class='ocrx_word' id='word_1_41' title='bbox 126 592 176 663; x_wconf 89' lang='lat' dir='ltr'><strong>bis,</strong></span> <span class='ocrx_word' id='word_1_42' title='bbox 194 609 263 662; x_wconf 87' lang='lat' dir='ltr'><strong>quae</strong></span> <span class='ocrx_word' id='word_1_43' title='bbox 281 594 445 666; x_wconf 78' lang='lat' dir='ltr'><strong>imperasset,</strong></span> <span class='ocrx_word' id='word_1_44' title='bbox 460 612 513 649; x_wconf 87' lang='lat' dir='ltr'><strong>nou</strong></span> <span class='ocrx_word' id='word_1_45' title='bbox 530 596 683 649; x_wconf 84' lang='lat' dir='ltr'><strong>iaciendum</strong></span> <span class='ocrx_word' id='word_1_46' title='bbox 701 612 761 649; x_wconf 83' lang='lat' dir='ltr'><strong>ease</strong></span> <span class='ocrx_word' id='word_1_47' title='bbox 778 611 930 650; x_wconf 81' lang='lat' dir='ltr'><strong>censerem.</strong></span> <span class='ocrx_word' id='word_1_48' title='bbox 967 597 1043 656; x_wconf 84' lang='lat' dir='ltr'><strong>Quin</strong></span> 
     </span>
     <span class='ocr_line' id='line_1_7' title="bbox 125 661 1042 737; baseline 0.007 -22"><span class='ocrx_word' id='word_1_49' title='bbox 125 661 204 732; x_wconf 88' lang='lat' dir='ltr'><strong>igitur</strong></span> <span class='ocrx_word' id='word_1_50' title='bbox 215 663 250 717; x_wconf 90' lang='lat' dir='ltr'><strong>ad</strong></span> <span class='ocrx_word' id='word_1_51' title='bbox 261 663 423 734; x_wconf 82' lang='lat' dir='ltr'><strong>diripiendos</strong></span> <span class='ocrx_word' id='word_1_52' title='bbox 435 665 573 719; x_wconf 81' lang='lat' dir='ltr'><strong>thesauros</strong></span> <span class='ocrx_word' id='word_1_53' title='bbox 584 665 731 719; x_wconf 75' lang='lat' dir='ltr'><strong>discurritis</strong></span> <span class='ocrx_word' id='word_1_54' title='bbox 738 664 862 720; x_wconf 72' lang='lat' dir='ltr'><strong>rharmn</strong></span> <span class='ocrx_word' id='word_1_55' title='bbox 871 666 949 720; x_wconf 88' lang='lat' dir='ltr'><strong>enim</strong></span> <span class='ocrx_word' id='word_1_56' title='bbox 956 683 1042 737; x_wconf 88' lang='lat' dir='ltr'><strong>opum</strong></span> 
     </span>
     <span class='ocr_line' id='line_1_8' title="bbox 126 733 1041 806; baseline 0.004 -20"><span class='ocrx_word' id='word_1_57' title='bbox 126 733 257 802; x_wconf 85' lang='lat' dir='ltr'><strong>regiarum</strong></span> <span class='ocrx_word' id='word_1_58' title='bbox 275 734 367 804; x_wconf 85' lang='lat' dir='ltr'><strong>utique</strong></span> <span class='ocrx_word' id='word_1_59' title='bbox 384 736 504 805; x_wconf 89' lang='lat' dir='ltr'><strong>populus·</strong></span> <span class='ocrx_word' id='word_1_60' title='bbox 513 745 554 789; x_wconf 86' lang='lat' dir='ltr'><strong>est</strong></span> <span class='ocrx_word' id='word_1_61' title='bbox 569 736 656 789; x_wconf 89' lang='lat' dir='ltr'><strong>heres.</strong></span> <span class='ocrx_word' id='word_1_62' title='bbox 691 736 765 788; x_wconf 87' lang='lat' dir='ltr'><strong>Haec</strong></span> <span class='ocrx_word' id='word_1_63' title='bbox 777 733 907 806; x_wconf 86' lang='lat' dir='ltr'><strong>elocutus,</strong></span> <span class='ocrx_word' id='word_1_64' title='bbox 921 753 970 806; x_wconf 90' lang='lat' dir='ltr'><strong>per</strong></span> <span class='ocrx_word' id='word_1_65' title='bbox 981 753 1041 791; x_wconf 88' lang='lat' dir='ltr'><strong>rue-</strong></span> 
     </span>
     <span class='ocr_line' id='line_1_9' title="bbox 125 801 1040 876; baseline 0.007 -22"><span class='ocrx_word' id='word_1_66' title='bbox 125 801 184 855; x_wconf 89' lang='lat' dir='ltr'><strong>dios</strong></span> <span class='ocrx_word' id='word_1_67' title='bbox 200 812 315 857; x_wconf 87' lang='lat' dir='ltr'><strong>armatos</strong></span> <span class='ocrx_word' id='word_1_68' title='bbox 333 805 425 875; x_wconf 83' lang='lat' dir='ltr'><strong>erupit,</strong></span> <span class='ocrx_word' id='word_1_69' title='bbox 439 814 466 858; x_wconf 91' lang='lat' dir='ltr'><strong>et</strong></span> <span class='ocrx_word' id='word_1_70' title='bbox 481 806 526 875; x_wconf 89' lang='lat' dir='ltr'><strong>qui</strong></span> <span class='ocrx_word' id='word_1_71' title='bbox 544 805 653 859; x_wconf 90' lang='lat' dir='ltr'><strong>abeunti</strong></span> <span class='ocrx_word' id='word_1_72' title='bbox 664 804 737 858; x_wconf 85' lang='lat' dir='ltr'><strong>viarn</strong></span> <span class='ocrx_word' id='word_1_73' title='bbox 749 803 885 875; x_wconf 89' lang='lat' dir='ltr'><strong>dederant,</strong></span> <span class='ocrx_word' id='word_1_74' title='bbox 900 806 993 876; x_wconf 88' lang='lat' dir='ltr'><strong>ipsum</strong></span> <span class='ocrx_word' id='word_1_75' title='bbox 1003 805 1040 860; x_wconf 88' lang='lat' dir='ltr'><strong>ad</strong></span> 
     </span>
     <span class='ocr_line' id='line_1_10' title="bbox 125 873 659 945; baseline 0.002 -21"><span class='ocrx_word' id='word_1_76' title='bbox 125 873 321 943; x_wconf 88' lang='lat' dir='ltr'><strong>pronuntiatum</strong></span> <span class='ocrx_word' id='word_1_77' title='bbox 334 874 460 944; x_wconf 84' lang='lat' dir='ltr'><strong>praedam</strong></span> <span class='ocrx_word' id='word_1_78' title='bbox 473 875 659 945; x_wconf 89' lang='lat' dir='ltr'><strong>sequebantur.</strong></span> 
     </span>
    </p>

    <p class='ocr_par' dir='ltr' id='par_1_3' title="bbox 122 942 1039 2613">
     <span class='ocr_line' id='line_1_11' title="bbox 126 942 1039 1013; baseline 0.005 -20"><span class='ocrx_word' id='word_1_79' title='bbox 126 954 129 959; x_wconf 86' lang='lat'>·</span> <span class='ocrx_word' id='word_1_80' title='bbox 159 945 201 994; x_wconf 67' lang='lat'><strong>22.</strong></span> <span class='ocrx_word' id='word_1_81' title='bbox 220 943 281 996; x_wconf 91' lang='lat' dir='ltr'><strong>Jam</strong></span> <span class='ocrx_word' id='word_1_82' title='bbox 300 960 334 997; x_wconf 88' lang='lat' dir='ltr'><strong>ue</strong></span> <span class='ocrx_word' id='word_1_83' title='bbox 344 953 505 999; x_wconf 88' lang='lat' dir='ltr'><strong>armatorum</strong></span> <span class='ocrx_word' id='word_1_84' title='bbox 523 945 593 998; x_wconf 89' lang='lat' dir='ltr'><strong>circa</strong></span> <span class='ocrx_word' id='word_1_85' title='bbox 609 943 777 1012; x_wconf 86' lang='lat' dir='ltr'><strong>Meleagrum</strong></span> <span class='ocrx_word' id='word_1_86' title='bbox 795 942 925 1013; x_wconf 87' lang='lat' dir='ltr'><strong>frequens</strong></span> <span class='ocrx_word' id='word_1_87' title='bbox 941 943 1039 1013; x_wconf 83' lang='lat' dir='ltr'><strong>globus</strong></span> 
     </span>
     <span class='ocr_line' id='line_1_12' title="bbox 125 960 1038 1083; baseline 0.005 -20"><span class='ocrx_word' id='word_1_88' title='bbox 125 1020 189 1081; x_wconf 88' lang='lat' dir='ltr'><strong>erat,</strong></span> <span class='ocrx_word' id='word_1_89' title='bbox 202 1011 229 1064; x_wconf 91' lang='lat' dir='ltr'><strong>in</strong></span> <span class='ocrx_word' id='word_1_90' title='bbox 247 960 405 1067; x_wconf 82' lang='lat' dir='ltr'><strong>seditionem</strong></span> <span class='ocrx_word' id='word_1_91' title='bbox 422 1031 455 1066; x_wconf 91' lang='lat' dir='ltr'><strong>ac</strong></span> <span class='ocrx_word' id='word_1_92' title='bbox 472 1014 631 1067; x_wconf 85' lang='lat' dir='ltr'><strong>discordiam</strong></span> <span class='ocrx_word' id='word_1_93' title='bbox 647 1029 725 1066; x_wconf 83' lang='lat' dir='ltr'><strong>versa</strong></span> <span class='ocrx_word' id='word_1_94' title='bbox 742 1013 879 1082; x_wconf 73' lang='lat' dir='ltr'><strong>contione,</strong></span> <span class='ocrx_word' id='word_1_95' title='bbox 897 1030 963 1068; x_wconf 90' lang='lat' dir='ltr'><strong>cum</strong></span> <span class='ocrx_word' id='word_1_96' title='bbox 980 1015 1038 1083; x_wconf 91' lang='lat' dir='ltr'><strong>qui·</strong></span> 
     </span>
     <span class='ocr_line' id='line_1_13' title="bbox 124 1079 1038 1153; baseline 0.004 -21"><span class='ocrx_word' id='word_1_97' title='bbox 124 1079 188 1134; x_wconf 87' lang='lat' dir='ltr'><strong>dam</strong></span> <span class='ocrx_word' id='word_1_98' title='bbox 208 1081 341 1152; x_wconf 85' lang='lat' dir='ltr'><strong>plerisque</strong></span> <span class='ocrx_word' id='word_1_99' title='bbox 361 1082 541 1137; x_wconf 84' lang='lat' dir='ltr'><strong>Macedonum</strong></span> <span class='ocrx_word' id='word_1_100' title='bbox 565 1084 667 1153; x_wconf 87' lang='lat' dir='ltr'><strong>ignotus</strong></span> <span class='ocrx_word' id='word_1_101' title='bbox 690 1098 725 1135; x_wconf 86' lang='lat' dir='ltr'><strong>ex</strong></span> <span class='ocrx_word' id='word_1_102' title='bbox 744 1081 837 1135; x_wconf 86' lang='lat' dir='ltr'><strong>infima</strong></span> <span class='ocrx_word' id='word_1_103' title='bbox 875 1083 947 1153; x_wconf 88' lang='lat' dir='ltr'><strong>lebe,</strong></span> <span class='ocrx_word' id='word_1_104' title='bbox 967 1083 1038 1142; x_wconf 80' lang='lat' dir='ltr'><strong>Quid</strong></span> 
     </span>
     <span class='ocr_line' id='line_1_14' title="bbox 124 1100 1037 1232; baseline 0.002 -29"><span class='ocrx_word' id='word_1_105' title='bbox 124 1165 191 1221; x_wconf 84' lang='lat' dir='ltr'><strong>opus</strong></span> <span class='ocrx_word' id='word_1_106' title='bbox 214 1160 263 1222; x_wconf 85' lang='lat' dir='ltr'><strong>est,</strong></span> <span class='ocrx_word' id='word_1_107' title='bbox 284 1153 367 1222; x_wconf 91' lang='lat' dir='ltr'><strong>inquit</strong></span> <span class='ocrx_word' id='word_1_108' title='bbox 395 1154 477 1206; x_wconf 85' lang='lat' dir='ltr'><strong>armis</strong></span> <span class='ocrx_word' id='word_1_109' title='bbox 499 1153 622 1223; x_wconf 81' lang='lat' dir='ltr'><strong>civilique</strong></span> <span class='ocrx_word' id='word_1_110' title='bbox 646 1151 723 1220; x_wconf 90' lang='lat' dir='ltr'><strong>bello,</strong></span> <span class='ocrx_word' id='word_1_111' title='bbox 748 1100 911 1205; x_wconf 66' lang='lat' dir='ltr'><strong>habentibus</strong></span> <span class='ocrx_word' id='word_1_112' title='bbox 934 1169 1037 1232; x_wconf 68' lang='lat' dir='ltr'><strong>regern²</strong></span> 
     </span>
     <span class='ocr_line' id='line_1_15' title="bbox 123 1191 1039 1292; baseline 0.003 -19"><span class='ocrx_word' id='word_1_113' title='bbox 123 1236 206 1291; x_wconf 88' lang='lat' dir='ltr'><strong>quem</strong></span> <span class='ocrx_word' id='word_1_114' title='bbox 229 1191 374 1292; x_wconf 70' lang='lat' dir='ltr'><strong>quaeritisl</strong></span> <span class='ocrx_word' id='word_1_115' title='bbox 410 1223 579 1292; x_wconf 82' lang='lat' dir='ltr'><strong>Arrhidaeus,</strong></span> <span class='ocrx_word' id='word_1_116' title='bbox 599 1222 719 1291; x_wconf 88' lang='lat' dir='ltr'><strong>Philippo</strong></span> <span class='ocrx_word' id='word_1_117' title='bbox 742 1221 869 1290; x_wconf 84' lang='lat' dir='ltr'><strong>genitue,⁴</strong></span> <span class='ocrx_word' id='word_1_118' title='bbox 889 1221 1039 1277; x_wconf 83' lang='lat' dir='ltr'><strong>Alexandri</strong></span> 
     </span>
     <span class='ocr_line' id='line_1_16' title="bbox 124 1290 1038 1363; baseline 0.003 -21"><span class='ocrx_word' id='word_1_119' title='bbox 124 1290 203 1360; x_wconf 90' lang='lat' dir='ltr'><strong>paulo</strong></span> <span class='ocrx_word' id='word_1_120' title='bbox 220 1301 283 1344; x_wconf 91' lang='lat' dir='ltr'><strong>ante</strong></span> <span class='ocrx_word' id='word_1_121' title='bbox 302 1293 371 1360; x_wconf 84' lang='lat' dir='ltr'><strong>regis</strong></span> <span class='ocrx_word' id='word_1_122' title='bbox 388 1291 476 1363; x_wconf 84' lang='lat' dir='ltr'><strong>frater,</strong></span> <span class='ocrx_word' id='word_1_123' title='bbox 489 1310 622 1346; x_wconf 89' lang='lat' dir='ltr'><strong>sacrorum</strong></span> <span class='ocrx_word' id='word_1_124' title='bbox 638 1290 913 1360; x_wconf 86' lang='lat' dir='ltr'><strong>caerimoniarumque</strong></span> <span class='ocrx_word' id='word_1_125' title='bbox 930 1307 1038 1345; x_wconf 84' lang='lat' dir='ltr'><strong>consors</strong></span> 
     </span>
     <span class='ocr_line' id='line_1_17' title="bbox 125 1359 1037 1431; baseline 0.001 -20"><span class='ocrx_word' id='word_1_126' title='bbox 125 1360 211 1430; x_wconf 84' lang='lat' dir='ltr'><strong>modo,</strong></span> <span class='ocrx_word' id='word_1_127' title='bbox 225 1378 295 1414; x_wconf 90' lang='lat' dir='ltr'><strong>nnnc</strong></span> <span class='ocrx_word' id='word_1_128' title='bbox 307 1363 378 1415; x_wconf 85' lang='lat' dir='ltr'><strong>solua</strong></span> <span class='ocrx_word' id='word_1_129' title='bbox 390 1362 475 1429; x_wconf 87' lang='lat' dir='ltr'><strong>heres,</strong></span> <span class='ocrx_word' id='word_1_130' title='bbox 489 1362 642 1431; x_wconf 87' lang='lat' dir='ltr'><strong>praeteritur</strong></span> <span class='ocrx_word' id='word_1_131' title='bbox 652 1378 669 1413; x_wconf 92' lang='lat' dir='ltr'><strong>a</strong></span> <span class='ocrx_word' id='word_1_132' title='bbox 680 1359 764 1413; x_wconf 82' lang='lat' dir='ltr'><strong>vobis.</strong></span> <span class='ocrx_word' id='word_1_133' title='bbox 787 1359 847 1418; x_wconf 86' lang='lat' dir='ltr'><strong>Quo</strong></span> <span class='ocrx_word' id='word_1_134' title='bbox 859 1361 956 1414; x_wconf 89' lang='lat' dir='ltr'><strong>merito</strong></span> <span class='ocrx_word' id='word_1_135' title='bbox 967 1361 1037 1415; x_wconf 77' lang='lat' dir='ltr'><strong>euol</strong></span> 
     </span>
     <span class='ocr_line' id='line_1_18' title="bbox 124 1428 1037 1500; baseline 0.001 -19"><span class='ocrx_word' id='word_1_136' title='bbox 124 1429 223 1499; x_wconf 83' lang='lat' dir='ltr'><strong>quidve</strong></span> <span class='ocrx_word' id='word_1_137' title='bbox 236 1429 306 1500; x_wconf 87' lang='lat' dir='ltr'><strong>fecit,</strong></span> <span class='ocrx_word' id='word_1_138' title='bbox 320 1447 367 1484; x_wconf 90' lang='lat' dir='ltr'><strong>cur</strong></span> <span class='ocrx_word' id='word_1_139' title='bbox 378 1432 460 1484; x_wconf 89' lang='lat' dir='ltr'><strong>etiam</strong></span> <span class='ocrx_word' id='word_1_140' title='bbox 471 1433 591 1500; x_wconf 89' lang='lat' dir='ltr'><strong>gentium</strong></span> <span class='ocrx_word' id='word_1_141' title='bbox 604 1429 739 1484; x_wconf 89' lang='lat' dir='ltr'><strong>communi</strong></span> <span class='ocrx_word' id='word_1_142' title='bbox 750 1428 809 1499; x_wconf 85' lang='lat' dir='ltr'><strong>y&#39;ure</strong></span> <span class='ocrx_word' id='word_1_143' title='bbox 821 1428 981 1484; x_wconf 73' lang='lat' dir='ltr'><strong>fraudaturi</strong></span> <span class='ocrx_word' id='word_1_144' title='bbox 1010 1429 1037 1484; x_wconf 88' lang='lat' dir='ltr'><strong>Si</strong></span> 
     </span>
     <span class='ocr_line' id='line_1_19' title="bbox 124 1498 1036 1570; baseline 0.003 -20"><span class='ocrx_word' id='word_1_145' title='bbox 124 1498 275 1551; x_wconf 85' lang='lat' dir='ltr'><strong>Alexandro</strong></span> <span class='ocrx_word' id='word_1_146' title='bbox 294 1500 408 1552; x_wconf 86' lang='lat' dir='ltr'><strong>similem</strong></span> <span class='ocrx_word' id='word_1_147' title='bbox 426 1501 560 1569; x_wconf 89' lang='lat' dir='ltr'><strong>quaeritis,</strong></span> <span class='ocrx_word' id='word_1_148' title='bbox 580 1517 714 1570; x_wconf 87' lang='lat' dir='ltr'><strong>nunquam</strong></span> <span class='ocrx_word' id='word_1_149' title='bbox 735 1498 889 1568; x_wconf 70' lang='lat' dir='ltr'><strong>reperietis,</strong></span> <span class='ocrx_word' id='word_1_150' title='bbox 909 1501 934 1552; x_wconf 92' lang='lat' dir='ltr'><strong>si</strong></span> <span class='ocrx_word' id='word_1_151' title='bbox 952 1499 1036 1568; x_wconf 84' lang='lat' dir='ltr'><strong>proxi·</strong></span> 
     </span>
     <span class='ocr_line' id='line_1_20' title="bbox 123 1567 1035 1638; baseline 0.002 -19"><span class='ocrx_word' id='word_1_152' title='bbox 123 1583 206 1635; x_wconf 90' lang='lat' dir='ltr'><strong>mum,</strong></span> <span class='ocrx_word' id='word_1_153' title='bbox 220 1567 263 1620; x_wconf 92' lang='lat' dir='ltr'><strong>hic</strong></span> <span class='ocrx_word' id='word_1_154' title='bbox 275 1567 347 1620; x_wconf 87' lang='lat' dir='ltr'><strong>solus</strong></span> <span class='ocrx_word' id='word_1_155' title='bbox 358 1577 406 1621; x_wconf 85' lang='lat' dir='ltr'><strong>est.</strong></span> <span class='ocrx_word' id='word_1_156' title='bbox 443 1570 491 1621; x_wconf 90' lang='lat' dir='ltr'><strong>His</strong></span> <span class='ocrx_word' id='word_1_157' title='bbox 502 1571 599 1622; x_wconf 83' lang='lat' dir='ltr'><strong>auditis</strong></span> <span class='ocrx_word' id='word_1_158' title='bbox 611 1570 697 1623; x_wconf 90' lang='lat' dir='ltr'><strong>contio</strong></span> <span class='ocrx_word' id='word_1_159' title='bbox 709 1568 794 1638; x_wconf 89' lang='lat' dir='ltr'><strong>primo</strong></span> <span class='ocrx_word' id='word_1_160' title='bbox 809 1568 949 1623; x_wconf 86' lang='lat' dir='ltr'><strong>silentium</strong></span> <span class='ocrx_word' id='word_1_161' title='bbox 962 1568 1035 1622; x_wconf 86' lang='lat' dir='ltr'><strong>velut</strong></span> 
     </span>
     <span class='ocr_line' id='line_1_21' title="bbox 123 1634 1035 1708; baseline 0.004 -20"><span class='ocrx_word' id='word_1_162' title='bbox 123 1634 197 1705; x_wconf 84' lang='lat' dir='ltr'><strong>jussa</strong></span> <span class='ocrx_word' id='word_1_163' title='bbox 215 1636 323 1689; x_wconf 85' lang='lat' dir='ltr'><strong>habuit:</strong></span> <span class='ocrx_word' id='word_1_164' title='bbox 343 1637 509 1691; x_wconf 91' lang='lat' dir='ltr'><strong>conclamant</strong></span> <span class='ocrx_word' id='word_1_165' title='bbox 521 1638 619 1691; x_wconf 91' lang='lat' dir='ltr'><strong>deinde</strong></span> <span class='ocrx_word' id='word_1_166' title='bbox 631 1639 734 1708; x_wconf 85' lang='lat' dir='ltr'><strong>pariter,</strong></span> <span class='ocrx_word' id='word_1_167' title='bbox 747 1636 929 1692; x_wconf 84' lang='lat' dir='ltr'><strong>Arrhidaeum</strong></span> <span class='ocrx_word' id='word_1_168' title='bbox 941 1655 1035 1692; x_wconf 71' lang='lat' dir='ltr'><strong>raom·</strong></span> 
     </span>
     <span class='ocr_line' id='line_1_22' title="bbox 124 1705 1033 1778; baseline 0.003 -20"><span class='ocrx_word' id='word_1_169' title='bbox 124 1705 189 1758; x_wconf 91' lang='lat' dir='ltr'><strong>dum</strong></span> <span class='ocrx_word' id='word_1_170' title='bbox 200 1723 268 1776; x_wconf 89' lang='lat' dir='ltr'><strong>esse,</strong></span> <span class='ocrx_word' id='word_1_171' title='bbox 281 1715 447 1776; x_wconf 86' lang='lat' dir='ltr'><strong>mortemque</strong></span> <span class='ocrx_word' id='word_1_172' title='bbox 458 1712 574 1778; x_wconf 87' lang='lat' dir='ltr'><strong>meritos,</strong></span> <span class='ocrx_word' id='word_1_173' title='bbox 587 1709 633 1777; x_wconf 94' lang='lat' dir='ltr'><strong>qui</strong></span> <span class='ocrx_word' id='word_1_174' title='bbox 646 1707 798 1761; x_wconf 88' lang='lat' dir='ltr'><strong>contionem</strong></span> <span class='ocrx_word' id='word_1_175' title='bbox 809 1707 868 1760; x_wconf 88' lang='lat' dir='ltr'><strong>sine</strong></span> <span class='ocrx_word' id='word_1_176' title='bbox 880 1725 915 1761; x_wconf 91' lang='lat' dir='ltr'><strong>eo</strong></span> <span class='ocrx_word' id='word_1_177' title='bbox 927 1707 1033 1761; x_wconf 80' lang='lat' dir='ltr'><strong>habuis·</strong></span> 
     </span>
     <span class='ocr_line' id='line_1_23' title="bbox 124 1776 1034 1846; baseline 0.003 -19"><span class='ocrx_word' id='word_1_178' title='bbox 124 1783 191 1828; x_wconf 89' lang='lat' dir='ltr'><strong>sent.</strong></span> <span class='ocrx_word' id='word_1_179' title='bbox 227 1776 298 1829; x_wconf 89' lang='lat' dir='ltr'><strong>Tum</strong></span> <span class='ocrx_word' id='word_1_180' title='bbox 317 1776 410 1830; x_wconf 89' lang='lat' dir='ltr'><strong>Pithon</strong></span> <span class='ocrx_word' id='word_1_181' title='bbox 447 1778 524 1830; x_wconf 84' lang='lat' dir='ltr'><strong>lenus</strong></span> <span class='ocrx_word' id='word_1_182' title='bbox 543 1776 712 1830; x_wconf 89' lang='lat' dir='ltr'><strong>lacrimarum</strong></span> <span class='ocrx_word' id='word_1_183' title='bbox 730 1776 829 1830; x_wconf 88' lang='lat' dir='ltr'><strong>orditur</strong></span> <span class='ocrx_word' id='word_1_184' title='bbox 846 1776 947 1846; x_wconf 90' lang='lat' dir='ltr'><strong>dicere,</strong></span> <span class='ocrx_word' id='word_1_185' title='bbox 965 1793 1034 1830; x_wconf 89' lang='lat' dir='ltr'><strong>nuno</strong></span> 
     </span>
     <span class='ocr_line' id='line_1_24' title="bbox 126 1795 1032 1915; baseline 0.003 -19"><span class='ocrx_word' id='word_1_186' title='bbox 126 1845 167 1897; x_wconf 87' lang='lat' dir='ltr'><strong>rel</strong></span> <span class='ocrx_word' id='word_1_187' title='bbox 180 1846 298 1899; x_wconf 87' lang='lat' dir='ltr'><strong>maxime</strong></span> <span class='ocrx_word' id='word_1_188' title='bbox 310 1795 488 1901; x_wconf 80' lang='lat' dir='ltr'><strong>miserabilem</strong></span> <span class='ocrx_word' id='word_1_189' title='bbox 500 1864 560 1900; x_wconf 84' lang='lat' dir='ltr'><strong>esse</strong></span> <span class='ocrx_word' id='word_1_190' title='bbox 572 1846 762 1915; x_wconf 87' lang='lat' dir='ltr'><strong>Alexandrum,</strong></span> <span class='ocrx_word' id='word_1_191' title='bbox 794 1847 821 1898; x_wconf 90' lang='lat' dir='ltr'><strong>ui</strong></span> <span class='ocrx_word' id='word_1_192' title='bbox 836 1854 894 1899; x_wconf 89' lang='lat' dir='ltr'><strong>tam</strong></span> <span class='ocrx_word' id='word_1_193' title='bbox 906 1847 1032 1900; x_wconf 89' lang='lat' dir='ltr'><strong>bonorum</strong></span> 
     </span>
     <span class='ocr_line' id='line_1_25' title="bbox 124 1862 1033 1986; baseline 0.002 -20"><span class='ocrx_word' id='word_1_194' title='bbox 124 1914 225 1968; x_wconf 85' lang='lat' dir='ltr'><strong>civium</strong></span> <span class='ocrx_word' id='word_1_195' title='bbox 237 1915 404 1986; x_wconf 88' lang='lat' dir='ltr'><strong>militumque</strong></span> <span class='ocrx_word' id='word_1_196' title='bbox 418 1917 504 1971; x_wconf 87' lang='lat' dir='ltr'><strong>fructu</strong></span> <span class='ocrx_word' id='word_1_197' title='bbox 515 1926 541 1969; x_wconf 89' lang='lat' dir='ltr'><strong>et</strong></span> <span class='ocrx_word' id='word_1_198' title='bbox 555 1915 703 1986; x_wconf 86' lang='lat' dir='ltr'><strong>praesentia</strong></span> <span class='ocrx_word' id='word_1_199' title='bbox 715 1862 852 1968; x_wconf 80' lang='lat' dir='ltr'><strong>fraudatus</strong></span> <span class='ocrx_word' id='word_1_200' title='bbox 864 1925 947 1968; x_wconf 87' lang='lat' dir='ltr'><strong>esset.</strong></span> <span class='ocrx_word' id='word_1_201' title='bbox 982 1916 1033 1968; x_wconf 89' lang='lat' dir='ltr'><strong>No·</strong></span> 
     </span>
     <span class='ocr_line' id='line_1_26' title="bbox 124 1984 1033 2058; baseline -0.001 -21"><span class='ocrx_word' id='word_1_202' title='bbox 124 2001 186 2038; x_wconf 87' lang='lat' dir='ltr'><strong>men</strong></span> <span class='ocrx_word' id='word_1_203' title='bbox 199 1986 272 2038; x_wconf 88' lang='lat' dir='ltr'><strong>euim</strong></span> <span class='ocrx_word' id='word_1_204' title='bbox 285 1988 494 2058; x_wconf 89' lang='lat' dir='ltr'><strong>memoriamque</strong></span> <span class='ocrx_word' id='word_1_205' title='bbox 504 1990 573 2056; x_wconf 87' lang='lat' dir='ltr'><strong>regie</strong></span> <span class='ocrx_word' id='word_1_206' title='bbox 584 1985 624 2038; x_wconf 86' lang='lat' dir='ltr'><strong>sui</strong></span> <span class='ocrx_word' id='word_1_207' title='bbox 636 1993 739 2038; x_wconf 91' lang='lat' dir='ltr'><strong>tantum</strong></span> <span class='ocrx_word' id='word_1_208' title='bbox 749 1984 889 2051; x_wconf 88' lang='lat' dir='ltr'><strong>intuentes,</strong></span> <span class='ocrx_word' id='word_1_209' title='bbox 899 1986 935 2038; x_wconf 93' lang='lat' dir='ltr'><strong>ad</strong></span> <span class='ocrx_word' id='word_1_210' title='bbox 946 1993 1033 2038; x_wconf 84' lang='lat' dir='ltr'><strong>cetera</strong></span> 
     </span>
     <span class='ocr_line' id='line_1_27' title="bbox 124 2052 1033 2125; baseline 0 -19"><span class='ocrx_word' id='word_1_211' title='bbox 124 2052 238 2122; x_wconf 87' lang='lat' dir='ltr'><strong>caligare</strong></span> <span class='ocrx_word' id='word_1_212' title='bbox 251 2058 316 2108; x_wconf 59' lang='lat' dir='ltr'><strong>eos!</strong></span> <span class='ocrx_word' id='word_1_213' title='bbox 350 2057 428 2110; x_wconf 89' lang='lat' dir='ltr'><strong>Haud</strong></span> <span class='ocrx_word' id='word_1_214' title='bbox 439 2057 565 2125; x_wconf 89' lang='lat' dir='ltr'><strong>ambigue</strong></span> <span class='ocrx_word' id='word_1_215' title='bbox 582 2058 607 2108; x_wconf 89' lang='lat' dir='ltr'><strong>in</strong></span> <span class='ocrx_word' id='word_1_216' title='bbox 625 2054 760 2124; x_wconf 85' lang='lat' dir='ltr'><strong>juvenem,</strong></span> <span class='ocrx_word' id='word_1_217' title='bbox 773 2055 816 2106; x_wconf 91' lang='lat' dir='ltr'><strong>cui</strong></span> <span class='ocrx_word' id='word_1_218' title='bbox 828 2070 943 2122; x_wconf 87' lang='lat' dir='ltr'><strong>regnum</strong></span> <span class='ocrx_word' id='word_1_219' title='bbox 955 2053 1033 2106; x_wconf 83' lang='lat' dir='ltr'><strong>desti·</strong></span> 
     </span>
     <span class='ocr_line' id='line_1_28' title="bbox 124 2123 1033 2194; baseline 0.002 -20"><span class='ocrx_word' id='word_1_220' title='bbox 124 2123 242 2191; x_wconf 90' lang='lat' dir='ltr'><strong>nabatur,</strong></span> <span class='ocrx_word' id='word_1_221' title='bbox 256 2125 376 2193; x_wconf 88' lang='lat' dir='ltr'><strong>impensa</strong></span> <span class='ocrx_word' id='word_1_222' title='bbox 393 2127 487 2194; x_wconf 88' lang='lat' dir='ltr'><strong>probra</strong></span> <span class='ocrx_word' id='word_1_223' title='bbox 505 2126 590 2194; x_wconf 87' lang='lat' dir='ltr'><strong>magis</strong></span> <span class='ocrx_word' id='word_1_224' title='bbox 600 2125 655 2193; x_wconf 86' lang='lat' dir='ltr'><strong>-ipsi</strong></span> <span class='ocrx_word' id='word_1_225' title='bbox 674 2123 774 2193; x_wconf 91' lang='lat' dir='ltr'><strong>odium,</strong></span> <span class='ocrx_word' id='word_1_226' title='bbox 787 2140 868 2192; x_wconf 91' lang='lat' dir='ltr'><strong>quam</strong></span> <span class='ocrx_word' id='word_1_227' title='bbox 884 2123 1033 2177; x_wconf 85' lang='lat' dir='ltr'><strong>Arrhidaeo</strong></span> 
     </span>
     <span class='ocr_line' id='line_1_29' title="bbox 124 2193 1032 2265; baseline 0.003 -22"><span class='ocrx_word' id='word_1_228' title='bbox 124 2201 306 2261; x_wconf 89' lang='lat' dir='ltr'><strong>contemptum</strong></span> <span class='ocrx_word' id='word_1_229' title='bbox 318 2194 475 2247; x_wconf 87' lang='lat' dir='ltr'><strong>attulerunt:</strong></span> <span class='ocrx_word' id='word_1_230' title='bbox 489 2193 660 2265; x_wconf 89' lang='lat' dir='ltr'><strong>quippedum</strong></span> <span class='ocrx_word' id='word_1_231' title='bbox 669 2195 835 2262; x_wconf 86' lang='lat' dir='ltr'><strong>miserentur,</strong></span> <span class='ocrx_word' id='word_1_232' title='bbox 847 2193 931 2246; x_wconf 90' lang='lat' dir='ltr'><strong>etiam</strong></span> <span class='ocrx_word' id='word_1_233' title='bbox 944 2193 1032 2246; x_wconf 84' lang='lat' dir='ltr'><strong>favere</strong></span> 
     </span>
     <span class='ocr_line' id='line_1_30' title="bbox 124 2261 1032 2332; baseline 0.001 -19"><span class='ocrx_word' id='word_1_234' title='bbox 124 2271 273 2331; x_wconf 90' lang='lat' dir='ltr'><strong>coeperunt.</strong></span> <span class='ocrx_word' id='word_1_235' title='bbox 310 2263 391 2330; x_wconf 88' lang='lat' dir='ltr'><strong>Igitur</strong></span> <span class='ocrx_word' id='word_1_236' title='bbox 409 2281 461 2316; x_wconf 88' lang='lat' dir='ltr'><strong>non</strong></span> <span class='ocrx_word' id='word_1_237' title='bbox 479 2265 560 2317; x_wconf 90' lang='lat' dir='ltr'><strong>alium</strong></span> <span class='ocrx_word' id='word_1_238' title='bbox 579 2280 670 2332; x_wconf 85' lang='lat' dir='ltr'><strong>regem</strong></span> <span class='ocrx_word' id='word_1_239' title='bbox 688 2281 724 2332; x_wconf 87' lang='lat' dir='ltr'><strong>ee,</strong></span> <span class='ocrx_word' id='word_1_240' title='bbox 744 2279 823 2331; x_wconf 90' lang='lat' dir='ltr'><strong>quarn</strong></span> <span class='ocrx_word' id='word_1_241' title='bbox 843 2280 917 2331; x_wconf 89' lang='lat' dir='ltr'><strong>eum,</strong></span> <span class='ocrx_word' id='word_1_242' title='bbox 936 2264 981 2332; x_wconf 89' lang='lat' dir='ltr'><strong>qui</strong></span> <span class='ocrx_word' id='word_1_243' title='bbox 998 2261 1032 2315; x_wconf 90' lang='lat' dir='ltr'><strong>ad</strong></span> 
     </span>
     <span class='ocr_line' id='line_1_31' title="bbox 124 2331 1032 2403; baseline 0 -20"><span class='ocrx_word' id='word_1_244' title='bbox 124 2331 193 2385; x_wconf 89' lang='lat' dir='ltr'><strong>hanc</strong></span> <span class='ocrx_word' id='word_1_245' title='bbox 205 2349 280 2402; x_wconf 82' lang='lat' dir='ltr'><strong>spem</strong></span> <span class='ocrx_word' id='word_1_246' title='bbox 292 2333 395 2401; x_wconf 84' lang='lat' dir='ltr'><strong>genitus</strong></span> <span class='ocrx_word' id='word_1_247' title='bbox 407 2342 485 2401; x_wconf 86' lang='lat' dir='ltr'><strong>esset,</strong></span> <span class='ocrx_word' id='word_1_248' title='bbox 499 2350 628 2403; x_wconf 86' lang='lat' dir='ltr'><strong>passuros,</strong></span> <span class='ocrx_word' id='word_1_249' title='bbox 642 2333 769 2402; x_wconf 89' lang='lat' dir='ltr'><strong>pertinaci</strong></span> <span class='ocrx_word' id='word_1_250' title='bbox 781 2331 976 2386; x_wconf 89' lang='lat' dir='ltr'><strong>acclamatione</strong></span> <span class='ocrx_word' id='word_1_251' title='bbox 987 2331 1032 2384; x_wconf 90' lang='lat' dir='ltr'><strong>de·</strong></span> 
     </span>
     <span class='ocr_line' id='line_1_32' title="bbox 123 2401 1033 2472; baseline 0 -18"><span class='ocrx_word' id='word_1_252' title='bbox 123 2401 232 2471; x_wconf 89' lang='lat' dir='ltr'><strong>clarant,</strong></span> <span class='ocrx_word' id='word_1_253' title='bbox 244 2403 384 2472; x_wconf 83' lang='lat' dir='ltr'><strong>vocarique</strong></span> <span class='ocrx_word' id='word_1_254' title='bbox 402 2403 578 2457; x_wconf 88' lang='lat' dir='ltr'><strong>Arrhidaeum</strong></span> <span class='ocrx_word' id='word_1_255' title='bbox 595 2402 698 2472; x_wconf 81' lang='lat' dir='ltr'><strong>jubent.</strong></span> <span class='ocrx_word' id='word_1_256' title='bbox 734 2402 820 2460; x_wconf 84' lang='lat' dir='ltr'><strong>Quem</strong></span> <span class='ocrx_word' id='word_1_257' title='bbox 835 2402 979 2470; x_wconf 84' lang='lat' dir='ltr'><strong>Meleager</strong></span> <span class='ocrx_word' id='word_1_258' title='bbox 995 2401 1033 2454; x_wconf 92' lang='lat' dir='ltr'><strong>in·</strong></span> 
     </span>
     <span class='ocr_line' id='line_1_33' title="bbox 123 2471 1032 2543; baseline -0.001 -19"><span class='ocrx_word' id='word_1_259' title='bbox 123 2471 208 2526; x_wconf 84' lang='lat' dir='ltr'><strong>festus</strong></span> <span class='ocrx_word' id='word_1_260' title='bbox 225 2473 388 2543; x_wconf 81' lang='lat' dir='ltr'><strong>invisusque⁶</strong></span> <span class='ocrx_word' id='word_1_261' title='bbox 406 2473 548 2526; x_wconf 87' lang='lat' dir='ltr'><strong>Perdiccae</strong></span> <span class='ocrx_word' id='word_1_262' title='bbox 567 2482 672 2525; x_wconf 89' lang='lat' dir='ltr'><strong>strenue</strong></span> <span class='ocrx_word' id='word_1_263' title='bbox 690 2472 810 2542; x_wconf 87' lang='lat' dir='ltr'><strong>perducit</strong></span> <span class='ocrx_word' id='word_1_264' title='bbox 825 2471 854 2523; x_wconf 91' lang='lat' dir='ltr'><strong>in</strong></span> <span class='ocrx_word' id='word_1_265' title='bbox 868 2473 988 2542; x_wconf 76' lang='lat' dir='ltr'><strong>regiam,</strong></span> <span class='ocrx_word' id='word_1_266' title='bbox 1005 2478 1032 2524; x_wconf 87' lang='lat' dir='ltr'><strong>et</strong></span> 
     </span>
     <span class='ocr_line' id='line_1_34' title="bbox 122 2541 847 2613; baseline -0.004 -18"><span class='ocrx_word' id='word_1_267' title='bbox 122 2543 221 2595; x_wconf 83' lang='lat' dir='ltr'><strong>milites</strong></span> <span class='ocrx_word' id='word_1_268' title='bbox 233 2543 383 2613; x_wconf 89' lang='lat' dir='ltr'><strong>Philippum</strong></span> <span class='ocrx_word' id='word_1_269' title='bbox 395 2543 591 2596; x_wconf 86' lang='lat' dir='ltr'><strong>consalutatum</strong></span> <span class='ocrx_word' id='word_1_270' title='bbox 603 2558 693 2610; x_wconf 89' lang='lat' dir='ltr'><strong>regern</strong></span> <span class='ocrx_word' id='word_1_271' title='bbox 705 2541 847 2611; x_wconf 89' lang='lat' dir='ltr'><strong>appellant.</strong></span> 
     </span>
    </p>
   </div>
   <div class='ocr_carea' id='block_1_3' title="bbox 109 2682 1030 3461">
    <p class='ocr_par' dir='ltr' id='par_1_4' title="bbox 109 2682 1030 3461">
     <span class='ocr_line' id='line_1_35' title="bbox 151 2682 1029 2754; baseline -0.002 -17"><span class='ocrx_word' id='word_1_272' title='bbox 151 2695 158 2717; x_wconf 82' lang='lat'><strong>²</strong></span> <span class='ocrx_word' id='word_1_273' title='bbox 171 2694 177 2715; x_wconf 84' lang='lat'><em>⁴</em></span> <span class='ocrx_word' id='word_1_274' title='bbox 187 2689 241 2736; x_wconf 88' lang='lat' dir='ltr'><strong>The</strong></span> <span class='ocrx_word' id='word_1_275' title='bbox 254 2690 350 2737; x_wconf 90' lang='lat' dir='ltr'><strong>months</strong></span> <span class='ocrx_word' id='word_1_276' title='bbox 362 2688 389 2737; x_wconf 87' lang='lat' dir='ltr'><strong>ol</strong></span> <span class='ocrx_word' id='word_1_277' title='bbox 401 2688 444 2736; x_wconf 91' lang='lat' dir='ltr'><strong>her</strong></span> <span class='ocrx_word' id='word_1_278' title='bbox 454 2701 590 2754; x_wconf 81' lang='lat' dir='ltr'><strong>pregnancy</strong></span> <span class='ocrx_word' id='word_1_279' title='bbox 602 2684 705 2745; x_wconf 86' lang='lat' dir='ltr'><strong>through</strong></span> <span class='ocrx_word' id='word_1_280' title='bbox 716 2684 797 2732; x_wconf 87' lang='lat' dir='ltr'><strong>which</strong></span> <span class='ocrx_word' id='word_1_281' title='bbox 808 2682 851 2752; x_wconf 84' lang='lat' dir='ltr'><strong>ebe</strong></span> <span class='ocrx_word' id='word_1_282' title='bbox 863 2683 912 2732; x_wconf 85' lang='lat' dir='ltr'><strong>had</strong></span> <span class='ocrx_word' id='word_1_283' title='bbox 923 2684 1029 2754; x_wconf 68' lang='lat' dir='ltr'><strong>paeeed!</strong></span> 
     </span>
     <span class='ocr_line' id='line_1_36' title="bbox 149 2744 1028 2807; baseline -0.001 -13"><span class='ocrx_word' id='word_1_284' title='bbox 149 2747 239 2794; x_wconf 70' lang='lat' dir='ltr'><strong>’‘Can</strong></span> <span class='ocrx_word' id='word_1_285' title='bbox 256 2764 303 2807; x_wconf 86' lang='lat' dir='ltr'><strong>you</strong></span> <span class='ocrx_word' id='word_1_286' title='bbox 320 2749 394 2796; x_wconf 88' lang='lat' dir='ltr'><strong>doubt</strong></span> <span class='ocrx_word' id='word_1_287' title='bbox 411 2747 462 2794; x_wconf 90' lang='lat' dir='ltr'><strong>that</strong></span> <span class='ocrx_word' id='word_1_288' title='bbox 478 2746 509 2793; x_wconf 88' lang='lat' dir='ltr'><strong>he</strong></span> <span class='ocrx_word' id='word_1_289' title='bbox 526 2760 546 2793; x_wconf 87' lang='lat' dir='ltr'><strong>rs</strong></span> <span class='ocrx_word' id='word_1_290' title='bbox 565 2744 637 2805; x_wconf 89' lang='lat' dir='ltr'><strong>ready</strong></span> <span class='ocrx_word' id='word_1_291' title='bbox 648 2759 710 2791; x_wconf 87' lang='lat' dir='ltr'><strong>even</strong></span> <span class='ocrx_word' id='word_1_292' title='bbox 725 2755 750 2792; x_wconf 90' lang='lat' dir='ltr'><strong>to</strong></span> <span class='ocrx_word' id='word_1_293' title='bbox 765 2746 898 2792; x_wconf 82' lang='lat' dir='ltr'><strong>substitute</strong></span> <span class='ocrx_word' id='word_1_294' title='bbox 910 2759 925 2791; x_wconf 88' lang='lat' dir='ltr'><strong>a</strong></span> <span class='ocrx_word' id='word_1_295' title='bbox 935 2744 1028 2793; x_wconf 82' lang='lat' dir='ltr'><strong>ohrldl&#39;</strong></span> 
     </span>
     <span class='ocr_line' id='line_1_37' title="bbox 122 2802 1029 2915; baseline -0.004 -59"><span class='ocrx_word' id='word_1_296' title='bbox 122 2806 486 2915; x_wconf 48' lang='lat' dir='ltr'><strong>Rqspectmgtbesutgunctive,</strong></span> <span class='ocrx_word' id='word_1_297' title='bbox 495 2820 536 2852; x_wconf 86' lang='lat' dir='ltr'><strong>see</strong></span> <span class='ocrx_word' id='word_1_298' title='bbox 545 2803 624 2851; x_wconf 84' lang='lat' dir='ltr'><strong>Grom.</strong></span> <span class='ocrx_word' id='word_1_299' title='bbox 635 2802 713 2860; x_wconf 71' lang='lat'>§3473</span> <span class='ocrx_word' id='word_1_300' title='bbox 724 2814 834 2864; x_wconf 88' lang='lat' dir='ltr'><strong>compare</strong></span> <span class='ocrx_word' id='word_1_301' title='bbox 843 2802 945 2863; x_wconf 85' lang='lat' dir='ltr'><strong>Zumpt,</strong></span> <span class='ocrx_word' id='word_1_302' title='bbox 957 2804 1029 2856; x_wconf 67' lang='lat' dir='ltr'><strong>thoti.</strong></span> 
     </span>
     <span class='ocr_line' id='line_1_38' title="bbox 149 2866 1030 3031; baseline 0 -59"><span class='ocrx_word' id='word_1_303' title='bbox 149 2866 795 2993; x_wconf 55' lang='lat' dir='ltr'><strong>‹ri¹r⁹ilhe⁸5⁹0rril⁷hln³0⁵h{hihiamaa</strong></span> <span class='ocrx_word' id='word_1_304' title='bbox 805 2921 829 2968; x_wconf 74' lang='lat' dir='ltr'><strong>in</strong></span> <span class='ocrx_word' id='word_1_305' title='bbox 839 2921 973 3031; x_wconf 64' lang='lat' dir='ltr'><strong>rnessnp.</strong></span> <span class='ocrx_word' id='word_1_306' title='bbox 990 2922 1030 2972; x_wconf 85' lang='lat' dir='ltr'><strong>He</strong></span> 
     </span>
     <span class='ocr_line' id='line_1_39' title="bbox 120 2979 1030 3044; baseline -0.003 -11"><span class='ocrx_word' id='word_1_307' title='bbox 120 2984 167 3033; x_wconf 92' lang='lat' dir='ltr'><strong>had</strong></span> <span class='ocrx_word' id='word_1_308' title='bbox 183 2983 288 3032; x_wconf 90' lang='lat' dir='ltr'><strong>brtberto</strong></span> <span class='ocrx_word' id='word_1_309' title='bbox 304 2984 395 3044; x_wconf 86' lang='lat' dir='ltr'><strong>always</strong></span> <span class='ocrx_word' id='word_1_310' title='bbox 411 2987 473 3032; x_wconf 86' lang='lat' dir='ltr'><strong>been</strong></span> <span class='ocrx_word' id='word_1_311' title='bbox 489 2981 629 3031; x_wconf 78' lang='lat' dir='ltr'><strong>considered</strong></span> <span class='ocrx_word' id='word_1_312' title='bbox 640 2990 663 3028; x_wconf 89' lang='lat' dir='ltr'><strong>at</strong></span> <span class='ocrx_word' id='word_1_313' title='bbox 674 2980 716 3029; x_wconf 89' lang='lat' dir='ltr'><strong>the</strong></span> <span class='ocrx_word' id='word_1_314' title='bbox 727 2990 794 3029; x_wconf 91' lang='lat' dir='ltr'><strong>court</strong></span> <span class='ocrx_word' id='word_1_315' title='bbox 805 2979 833 3029; x_wconf 90' lang='lat' dir='ltr'><strong>of</strong></span> <span class='ocrx_word' id='word_1_316' title='bbox 848 2980 949 3030; x_wconf 88' lang='lat' dir='ltr'><strong>Alexan</strong></span> <span class='ocrx_word' id='word_1_317' title='bbox 966 2997 993 3030; x_wconf 89' lang='lat' dir='ltr'><strong>er</strong></span> <span class='ocrx_word' id='word_1_318' title='bbox 1003 2998 1030 3031; x_wconf 85' lang='lat' dir='ltr'><strong>as</strong></span> 
     </span>
     <span class='ocr_line' id='line_1_40' title="bbox 120 3039 1029 3109; baseline -0.002 -17"><span class='ocrx_word' id='word_1_319' title='bbox 120 3059 151 3092; x_wconf 86' lang='lat' dir='ltr'><strong>an</strong></span> <span class='ocrx_word' id='word_1_320' title='bbox 162 3044 227 3092; x_wconf 91' lang='lat' dir='ltr'><strong>idiot.</strong></span> <span class='ocrx_word' id='word_1_321' title='bbox 245 3042 306 3090; x_wconf 88' lang='lat' dir='ltr'><strong>This</strong></span> <span class='ocrx_word' id='word_1_322' title='bbox 318 3059 368 3092; x_wconf 83' lang='lat' dir='ltr'><strong>was</strong></span> <span class='ocrx_word' id='word_1_323' title='bbox 379 3044 522 3098; x_wconf 73' lang='lat' dir='ltr'><strong>tharansem</strong></span> <span class='ocrx_word' id='word_1_324' title='bbox 533 3040 605 3088; x_wconf 92' lang='lat' dir='ltr'><strong>much</strong></span> <span class='ocrx_word' id='word_1_325' title='bbox 616 3055 682 3088; x_wconf 89' lang='lat' dir='ltr'><strong>more</strong></span> <span class='ocrx_word' id='word_1_326' title='bbox 691 3055 753 3087; x_wconf 89' lang='lat' dir='ltr'><strong>even</strong></span> <span class='ocrx_word' id='word_1_327' title='bbox 760 3039 819 3087; x_wconf 85' lang='lat' dir='ltr'><strong>than</strong></span> <span class='ocrx_word' id='word_1_328' title='bbox 827 3039 865 3088; x_wconf 85' lang='lat' dir='ltr'><strong>bis</strong></span> <span class='ocrx_word' id='word_1_329' title='bbox 874 3040 1029 3109; x_wconf 82' lang='lat' dir='ltr'><strong>illegitimate</strong></span> 
     </span>
     <span class='ocr_line' id='line_1_41' title="bbox 119 3099 1030 3210; baseline 0 -60"><span class='ocrx_word' id='word_1_330' title='bbox 119 3103 205 3210; x_wconf 60' lang='lat' dir='ltr'><strong>priqqn,</strong></span> <span class='ocrx_word' id='word_1_331' title='bbox 216 3102 273 3162; x_wconf 85' lang='lat' dir='ltr'><strong>why</strong></span> <span class='ocrx_word' id='word_1_332' title='bbox 281 3117 342 3149; x_wconf 90' lang='lat' dir='ltr'><strong>ncne</strong></span> <span class='ocrx_word' id='word_1_333' title='bbox 351 3102 378 3149; x_wconf 91' lang='lat' dir='ltr'><strong>of</strong></span> <span class='ocrx_word' id='word_1_334' title='bbox 385 3103 426 3150; x_wconf 89' lang='lat' dir='ltr'><strong>the</strong></span> <span class='ocrx_word' id='word_1_335' title='bbox 437 3101 556 3162; x_wconf 84' lang='lat' dir='ltr'><strong>generals,</strong></span> <span class='ocrx_word' id='word_1_336' title='bbox 567 3100 622 3148; x_wconf 83' lang='lat' dir='ltr'><strong>who</strong></span> <span class='ocrx_word' id='word_1_337' title='bbox 633 3109 698 3148; x_wconf 88' lang='lat' dir='ltr'><strong>must</strong></span> <span class='ocrx_word' id='word_1_338' title='bbox 709 3099 770 3147; x_wconf 84' lang='lat' dir='ltr'><strong>have</strong></span> <span class='ocrx_word' id='word_1_339' title='bbox 782 3099 873 3148; x_wconf 83' lang='lat' dir='ltr'><strong>known</strong></span> <span class='ocrx_word' id='word_1_340' title='bbox 882 3099 945 3158; x_wconf 83' lang='lat' dir='ltr'><strong>him,</strong></span> <span class='ocrx_word' id='word_1_341' title='bbox 956 3100 1030 3150; x_wconf 78' lang='lat' dir='ltr'><strong>noted</strong></span> 
     </span>
     <span class='ocr_line' id='line_1_42' title="bbox 128 3177 1029 3286; baseline -0.002 -16"><span class='ocrx_word' id='word_1_342' title='bbox 128 3177 157 3252; x_wconf 60' lang='lat' dir='ltr'><strong>ol</strong></span> <span class='ocrx_word' id='word_1_343' title='bbox 169 3179 224 3270; x_wconf 49' lang='lat'><strong>0¹3²</strong></span> <span class='ocrx_word' id='word_1_344' title='bbox 239 3238 281 3269; x_wconf 82' lang='lat' dir='ltr'><strong>ore</strong></span> <span class='ocrx_word' id='word_1_345' title='bbox 304 3225 343 3268; x_wconf 90' lang='lat' dir='ltr'><strong>‘to</strong></span> <span class='ocrx_word' id='word_1_346' title='bbox 354 3221 384 3268; x_wconf 90' lang='lat' dir='ltr'><strong>be</strong></span> <span class='ocrx_word' id='word_1_347' title='bbox 396 3219 516 3275; x_wconf 88' lang='lat' dir='ltr'><strong>obscure‚’</strong></span> <span class='ocrx_word' id='word_1_348' title='bbox 527 3218 548 3286; x_wconf 81' lang='lat' dir='ltr'><strong>ie</strong></span> <span class='ocrx_word' id='word_1_349' title='bbox 558 3218 619 3286; x_wconf 85' lang='lat' dir='ltr'><strong>used</strong></span> <span class='ocrx_word' id='word_1_350' title='bbox 629 3217 654 3266; x_wconf 92' lang='lat' dir='ltr'><strong>in</strong></span> <span class='ocrx_word' id='word_1_351' title='bbox 664 3217 705 3266; x_wconf 90' lang='lat' dir='ltr'><strong>the</strong></span> <span class='ocrx_word' id='word_1_352' title='bbox 714 3217 766 3266; x_wconf 86' lang='lat' dir='ltr'><strong>first</strong></span> <span class='ocrx_word' id='word_1_353' title='bbox 774 3218 842 3278; x_wconf 89' lang='lat' dir='ltr'><strong>place</strong></span> <span class='ocrx_word' id='word_1_354' title='bbox 851 3216 879 3265; x_wconf 83' lang='lat' dir='ltr'><strong>oi</strong></span> <span class='ocrx_word' id='word_1_355' title='bbox 885 3217 961 3266; x_wconf 84' lang='lat' dir='ltr'><strong>weak</strong></span> <span class='ocrx_word' id='word_1_356' title='bbox 968 3234 1029 3279; x_wconf 86' lang='lat' dir='ltr'><strong>eyes</strong></span> 
     </span>
     <span class='ocr_line' id='line_1_43' title="bbox 109 3239 1027 3347; baseline 0.001 -20"><span class='ocrx_word' id='word_1_357' title='bbox 109 3279 199 3346; x_wconf 79' lang='lat' dir='ltr'><strong>¹which</strong></span> <span class='ocrx_word' id='word_1_358' title='bbox 214 3239 245 3328; x_wconf 70' lang='lat' dir='ltr'><strong>dh</strong></span> <span class='ocrx_word' id='word_1_359' title='bbox 261 3289 302 3329; x_wconf 90' lang='lat' dir='ltr'><strong>not</strong></span> <span class='ocrx_word' id='word_1_360' title='bbox 318 3295 360 3328; x_wconf 87' lang='lat' dir='ltr'><strong>see</strong></span> <span class='ocrx_word' id='word_1_361' title='bbox 375 3278 448 3326; x_wconf 87' lang='lat' dir='ltr'><strong>clearl</strong></span> <span class='ocrx_word' id='word_1_362' title='bbox 475 3294 502 3326; x_wconf 93' lang='lat' dir='ltr'><strong>or</strong></span> <span class='ocrx_word' id='word_1_363' title='bbox 514 3276 652 3347; x_wconf 64' lang='lat' dir='ltr'><strong>dretrnctlyj</strong></span> <span class='ocrx_word' id='word_1_364' title='bbox 671 3276 718 3326; x_wconf 89' lang='lat' dir='ltr'><strong>and</strong></span> <span class='ocrx_word' id='word_1_365' title='bbox 728 3276 907 3346; x_wconf 77' lang='lat' dir='ltr'><strong>aecondlyalso</strong></span> <span class='ocrx_word' id='word_1_366' title='bbox 918 3276 948 3325; x_wconf 80' lang='lat' dir='ltr'><strong>of</strong></span> <span class='ocrx_word' id='word_1_367' title='bbox 960 3293 1027 3335; x_wconf 87' lang='lat' dir='ltr'><strong>men,</strong></span> 
     </span>
     <span class='ocr_line' id='line_1_44' title="bbox 115 3294 950 3407; baseline -0.005 -16"><span class='ocrx_word' id='word_1_368' title='bbox 115 3342 125 3369; x_wconf 83' lang='lat'><em>&#39;</em></span> <span class='ocrx_word' id='word_1_369' title='bbox 130 3346 157 3391; x_wconf 81' lang='lat' dir='ltr'><strong>to</strong></span> <span class='ocrx_word' id='word_1_370' title='bbox 167 3340 199 3391; x_wconf 83' lang='lat' dir='ltr'><strong>ba</strong></span> <span class='ocrx_word' id='word_1_371' title='bbox 211 3339 287 3392; x_wconf 88' lang='lat' dir='ltr'><strong>bliud&#39;</strong></span> <span class='ocrx_word' id='word_1_372' title='bbox 300 3338 439 3399; x_wconf 64' lang='lat' dir='ltr'><strong>immutire),</strong></span> <span class='ocrx_word' id='word_1_373' title='bbox 448 3294 513 3407; x_wconf 72' lang='lat' dir='ltr'><strong>heth</strong></span> <span class='ocrx_word' id='word_1_374' title='bbox 519 3351 547 3384; x_wconf 90' lang='lat' dir='ltr'><strong>m</strong></span> <span class='ocrx_word' id='word_1_375' title='bbox 555 3351 573 3386; x_wconf 84' lang='lat' dir='ltr'><strong>a</strong></span> <span class='ocrx_word' id='word_1_376' title='bbox 579 3335 689 3397; x_wconf 80' lang='lat' dir='ltr'><strong>physical</strong></span> <span class='ocrx_word' id='word_1_377' title='bbox 699 3336 746 3385; x_wconf 84' lang='lat' dir='ltr'><strong>and</strong></span> <span class='ocrx_word' id='word_1_378' title='bbox 756 3335 857 3397; x_wconf 80' lang='lat' dir='ltr'><strong>tropical</strong></span> <span class='ocrx_word' id='word_1_379' title='bbox 866 3351 950 3387; x_wconf 78' lang='lat' dir='ltr'><strong>seusa</strong></span> 
     </span>
     <span class='ocr_line' id='line_1_45' title="bbox 135 3392 741 3461; baseline -0.02 -8"><span class='ocrx_word' id='word_1_380' title='bbox 135 3400 261 3455; x_wconf 63' lang='lat' dir='ltr'><strong>&#39;Incisa</strong></span> <span class='ocrx_word' id='word_1_381' title='bbox 273 3400 370 3455; x_wconf 89' lang='lat' dir='ltr'><strong>isboth</strong></span> <span class='ocrx_word' id='word_1_382' title='bbox 382 3395 558 3461; x_wconf 75' lang='lat' dir='ltr'><strong>‘ill-duposad‘</strong></span> <span class='ocrx_word' id='word_1_383' title='bbox 573 3392 741 3445; x_wconf 68' lang='lat' dir='ltr'><strong>anh‘hateht-</strong></span> 
     </span>
    </p>
   </div>
   <div class='ocr_carea' id='block_1_4' title="bbox 0 0 1142 3772">
    <p class='ocr_par' dir='ltr' id='par_1_5' title="bbox 0 0 1142 3772">
     <span class='ocr_line' id='line_1_46' title="bbox 0 0 1142 3772; baseline 0 2"><span class='ocrx_word' id='word_1_384' title='bbox 0 0 1142 3772; x_wconf 95' lang='lat' dir='ltr'><strong> </strong></span> 
     </span>
    </p>
   </div>
  </div>
 </body>
</html>
