2274 3772
140 171 200 229 Μ
408 185 447 224 us
470 183 576 225 oreris
597 184 781 225 rsaxsnnar.

141 302 299 351 consecutus
321 302 391 362 erat,
410 301 437 345 et
460 291 604 362 pertinacia
627 291 685 344 Pori
708 291 818 360 cognita,
843 291 954 346 vetabat
979 293 1065 347 resis-

142 362 258 418 tentibus
280 363 360 430 parci.
408 363 476 430 Ergo
499 361 616 430 undique
640 369 666 413 et
690 361 715 412 in
736 360 839 430 pedites
861 369 888 413 et
912 363 940 414 in
966 362 1063 431 ipsum

143 434 239 486 Porum
264 431 317 484 tela
340 441 466 499 congesta
489 443 563 483 sunt:
589 431 647 499 quis
671 429 777 484 tandem
797 440 921 497 gravatus
940 432 998 485 labi
1025 449 1064 486 ex

143 502 221 557 belua
244 501 339 570 coepit.
375 501 463 566 Indus,
484 501 529 568 qui
553 500 725 569 elephantum
749 501 864 568 regebat,
886 499 1062 555 descendere

142 588 206 625 eum
230 580 308 638 ratus,
333 584 406 624 ruore
430 569 504 622 solito
528 569 700 638 elephantum
723 569 894 637 procumbere
921 569 1003 638 jussit
1030 571 1060 624 in

142 655 245 709 genua:
264 641 310 708 qui
328 648 357 692 ut
375 656 403 692 se
422 639 553 708 submisit,
566 639 648 691 ceteri
667 653 781 706 quoque,
794 639 831 690 ita
848 656 920 690 enim
939 649 1063 693 instituti

143 721 225 777 erant,
249 709 381 762 demisere
405 724 512 776 corpora
535 708 561 760 in
586 717 690 760 terram.
727 708 768 760 Ea
791 724 835 760 res
857 717 884 760 ct
909 709 1008 762 Porum
1032 718 1062 762 et

143 780 255 834 oeteros¹
268 777 411 831 victoribus
422 777 535 831 tradidit.

179 853 221 900 51.
240 849 297 901 Rex
316 846 421 917 spoliari
439 864 534 915 corpus
554 846 620 913 Pori,
637 844 826 914 interemptum
847 863 907 898 esse
929 846 1060 918 credens,

143 916 226 988 jubet,
251 926 278 970 et
300 916 345 986 qui
368 915 537 969 detraherent
559 915 667 969 loricam
691 923 856 984 vestemque,
880 933 1060 987 concurrere,

144 1003 207 1040 curn
231 987 311 1040 belua
337 986 472 1038 dominum
497 985 563 1037 tueri
588 994 615 1036 et
638 983 780 1052 spoliantes
808 985 893 1053 coepit
916 997 1059 1056 appetere,

145 1055 317 1124 levatumque
337 1072 432 1123 corpus
451 1054 510 1124 ejus
529 1071 617 1106 rursus
636 1053 711 1105 dorso
727 1070 774 1104 suo
792 1053 827 1105 im
865 1054 949 1106 nere.²
986 1057 1060 1125 Ergo

146 1125 206 1179 telis
224 1125 339 1195 undique
357 1124 480 1190 obruitur,
500 1123 672 1192 confossoque
691 1139 730 1191 eo,
750 1123 828 1176 inve
850 1123 950 1185 iculum
971 1125 1058 1181 Porus

146 1194 183 1248 im
218 1195 295 1248 nitur.
331 1194 418 1253 Quem
435 1210 483 1246 rex
499 1200 528 1247 ut
546 1191 613 1245 vidit
632 1191 792 1244 allevantem
805 1193 902 1261 oculos,
916 1210 968 1245 non
987 1194 1057 1265 odio,
1072 1192 1075 1198 ’

146 1280 176 1318 se
214 1256 380 1317 miseratiohe
398 1272 553 1332 commotus
567 1262 650 1330 Quae,
664 1261 772 1329 malum,
786 1262 878 1330 inquit,
890 1263 1010 1315 amentia
1031 1274 1059 1317 te

145 1333 241 1402 coegit,
256 1350 342 1386 rernm
354 1349 474 1385 mearum
486 1332 589 1399 cognita
601 1331 681 1400 fama,
696 1330 757 1383 belli
775 1331 907 1383 fortunam
925 1333 1057 1401 experiri:

145 1420 209 1456 oum
228 1403 328 1455 Taxilis
349 1411 420 1454 esset
441 1403 465 1453 in
485 1400 588 1453 deditos
605 1400 764 1453 clementiae
782 1417 859 1453 meae
877 1409 931 1453 tam
951 1403 1057 1472 propin·

145 1489 228 1540 quum
252 1473 299 1525 tibi
323 1470 476 1538 exemplum
485 1470 508 1522 2³
543 1471 577 1522 At
597 1469 649 1539 ille,
670 1469 810 1538 Quoniam,
832 1469 923 1538 inquit,
944 1489 1058 1540 percon·

147 1541 217 1604 teris,
232 1539 394 1610 respondebo
406 1555 439 1590 ea
451 1539 579 1607 libertate,
590 1555 671 1607 quarn
683 1539 863 1607 interrogando
876 1539 971 1593 fecisti.
1002 1542 1057 1594 Ne-

52 1646 55 1652 ·
145 1609 248 1662 minem
267 1627 309 1661 me
329 1607 460 1660 fortiorem
478 1624 537 1660 esse
556 1607 709 1663 censebam.
745 1609 825 1661 Meas
839 1609 912 1660 enirn
927 1626 1058 1663 noveram

145 1677 223 1744 vires,
244 1678 360 1730 nondum
378 1684 502 1746 expertus
520 1685 594 1729 tuas:
614 1676 747 1738 fortiorem
761 1694 821 1730 esse
834 1686 867 1744 te,
881 1677 943 1730 belli
965 1679 1057 1733 docuit

144 1758 266 1801 eventus.
302 1746 353 1800 Sed
366 1763 399 1799 ne
412 1745 568 1814 sicquidem
587 1758 679 1816 parum
692 1746 757 1799 felix
769 1763 837 1815 sum,
850 1747 985 1800 secundus
998 1749 1057 1802 tibi.

145 1816 245 1872 Rursus
263 1816 442 1885 interrogatus,
455 1815 520 1884 quid
535 1816 592 1885 ipse
603 1815 729 1869 victorem
742 1823 857 1868 statuere
875 1816 974 1869 debere
994 1835 1056 1871 cen-

145 1889 235 1940 seret.⁴
268 1886 344 1945 Quod
364 1885 416 1955 hic,
435 1885 525 1954 inquit,
545 1884 602 1938 dies
620 1884 668 1938 tibi
685 1885 786 1951 suadet,
804 1901 855 1953 quo
872 1895 999 1964 expertus
1017 1905 1056 1956 es,

144 1974 226 2026 quam
243 1956 346 2009 caduca
363 1955 477 2008 felicitas
494 1956 584 2007 esset.⁶
619 1954 681 2008 Plus
696 1953 827 2006 monendo
840 1955 959 2022 profemt,
974 1972 1058 2024 quarn

145 2027 167 2079 si
179 2038 300 2095 precatus
312 2034 392 2078 esset.
427 2025 531 2093 Quippe
549 2023 759 2092 magnitudinem
776 2024 859 2076 animi
877 2023 935 2093 ejus
953 2026 1058 2078 interri-

145 2103 209 2163 tam,
221 2112 254 2146 ac
266 2111 299 2146 ne
313 2094 416 2146 fortuna
428 2096 536 2163 quidem
549 2093 696 2162 infractam,
710 2109 759 2144 non
774 2093 952 2146 misericordia
966 2096 1057 2164 modo,

144 2163 294 2216 sedetiam
317 2163 414 2216 honore
437 2163 560 2230 excipere
583 2162 706 2229 dignatus
729 2170 778 2214 est.
815 2164 931 2230 Aegrum
952 2168 1060 2218 curarit

145 2232 215 2285 haud
235 2249 320 2300 secus,
334 2233 450 2300 quamsi
464 2248 508 2299 pro
521 2230 577 2300 ipso
590 2239 733 2299 pugnasset
740 2248 747 2300 3
765 2231 949 2287 confirmatum
964 2245 1061 2287 contra

144 2319 221 2372 spem
239 2302 357 2361 omniurn
374 2301 401 2353 in
419 2301 566 2352 amicorum
584 2316 724 2353 numerum
741 2301 855 2370 recepit,
874 2317 935 2353 mox
947 2301 1060 2360 donavit

174 2465 181 2489 ¹
195 2459 253 2507 ‘All
264 2459 305 2507 the
316 2459 397 2508 others
408 2474 435 2506 as
446 2457 502 2506 well
513 2473 539 2506 as
551 2457 645 2505 Porus!

173 2538 184 2564 ²
193 2533 275 2581 When
283 2533 322 2580 the
329 2531 423 2580 faithful
429 2530 516 2600 animal
525 2546 575 2578 saw
581 2530 621 2578 the
629 2529 735 2598 enemies
741 2529 847 2589 floolring
852 2529 957 2578 towards
966 2530 1059 2590 Porus,

144 2588 1060 2719 ttttttgllhltltthtttltthl,*tlt’.tlttl‘0tttltttltntss

144 2725 223 2769 again,
237 2711 283 2758 and
294 2721 331 2757 set
342 2709 391 2758 him
404 2724 467 2768 upon
478 2719 509 2756 rte
518 2707 587 2756 back.

173 2787 182 2810 ³
195 2783 280 2830 ‘Since
292 2799 339 2843 you
350 2783 397 2830 had
408 2783 432 2830 in
443 2781 484 2829 the
495 2797 550 2829 case
562 2780 589 2828 of
597 2780 697 2828 Toxiles
708 2795 736 2828 so
747 2795 805 2828 near
815 2795 845 2827 an
856 2780 964 2828 instance
977 2782 1008 2828 of
1016 2799 1060 2843 my

144 2840 269 2910 clemency
280 2852 305 2889 to
316 2842 385 2890 those
397 2842 452 2888 who
463 2839 595 2888 submitted
606 2849 631 2886 to
641 2840 697 2886 me.¹
730 2839 866 2900 Exceptum
877 2839 934 2886 here
949 2854 1060 2899 goverus

145 2909 194 2948 two
204 2901 331 2960 genitivos,
348 2900 439 2949 Tooilr's
451 2899 496 2947 and
507 2901 646 2948 clementiae.
682 2897 773 2946 Tacitis
785 2897 806 2945 is
817 2900 963 2960 ageaetioas
976 2917 1058 2961 epae·

144 2961 252 3070 {pm}
256 2975 283 3006 or
293 2961 459 3020 explanatory,
477 2957 513 3006 for
528 2958 629 3005 'l'axiles
645 2956 779 3005 himselfis
795 2957 837 3004 the
853 2957 973 3016 example.
1009 2960 1059 3008 See

170 3036 226 3069 rom.
263 3023 314 3067 274.

172 3092 284 3140 “What
296 3108 346 3139 was
357 3092 395 3140 his
406 3108 461 3139 own
476 3091 573 3151 opinion
589 3105 615 3138 as
632 3100 657 3138 to
672 3090 714 3137 the
729 3089 777 3137 fate
793 3089 847 3138 that
862 3089 904 3137 the
920 3105 1061 3150 conqueror

143 3152 230 3202 should
241 3151 337 3212 appoint
348 3151 384 3199 for
394 3151 461 3199 him.¹

171 3236 179 3260 ¹
190 3228 238 3276 We
249 3226 336 3276 should
346 3236 432 3284 expect
443 3228 483 3273 sit.
515 3225 563 3273 But
574 3224 615 3272 the
627 3223 699 3272 Latin
710 3223 784 3272 idiom
795 3224 816 3272 is
827 3223 884 3272 fond
895 3223 923 3271 of
935 3224 977 3272 the
993 3225 1059 3276 form

140 3286 170 3336 of
180 3288 300 3336 narration
316 3288 348 3347 by
364 3286 405 3334 the
421 3285 546 3344 imperfect
561 3285 586 3332 in
601 3283 736 3343 dependent
753 3283 857 3332 clauses.
888 3284 936 3355 See
953 3284 1047 3346 Zumpt

145 3345 220 3406 5504,
234 3350 266 3396 od
274 3348 322 3410 fia.
