2274 3772
497 204 590 245 nrsna
609 204 651 245 rx.
968 186 1043 242 169·

117 314 294 384 complexum,
306 313 396 366 adhuc
407 313 435 365 in
446 330 554 382 opernm
568 329 674 366 suorum
693 311 834 382 primordio
852 319 937 364 stare:
957 309 1025 363 mili·

119 395 172 437 tem
196 384 283 437 labore
299 382 482 451 defatigatum,
497 383 644 452 proximum
662 398 797 451 quemque
815 381 941 434 fructnm¹
952 379 1025 432 finito

118 423 226 506 tandem
238 453 354 522 periculo
367 461 500 522 expetere.
630 458 634 470 “
997 490 1001 500 ,

152 528 177 575 8.
196 522 266 574 Vicit
289 538 350 590 ergo
374 521 469 590 cupido
493 519 630 588 rationem,
650 527 677 572 et
695 520 728 572 ad
752 520 902 572 contionem
925 518 1026 571 vocatis

117 591 254 660 militibus,
273 591 308 643 ad
332 590 402 643 hunc
420 591 538 642 maxime
557 588 666 642 modum
686 589 823 642 disseruit:
847 590 907 641 Non
926 588 1023 658 ignoro,

117 662 223 730 milites,
239 660 333 728 multa,
352 677 421 729 quae
440 668 536 710 terrere
555 675 602 710 vos
626 659 751 727 possent,2
767 658 802 711 ab
820 658 914 710 incolis
933 657 1025 709 Indiae

116 747 164 801 per
176 731 224 782 hos
235 730 295 781 dies
306 731 340 782 de
354 729 480 781 industria
492 745 551 780 esse
566 727 680 795 jactata:
701 727 747 780 sed
767 744 818 780 non
831 737 871 779 est
883 726 1025 795 improvisa

116 800 191 853 vobis
203 799 389 852 mentientium
402 798 525 849 vanitas³
560 798 601 849 Sic
614 797 721 849 Ciliciae
734 797 832 866 fauces,
846 796 885 848 sic
902 797 1025 864 Mesopo·

117 871 214 922 tamine
233 885 349 936 campos,
363 868 461 934 Tigrim
482 877 506 918 et
528 865 688 935 Euphraten,
701 883 814 934 quorum
831 865 944 922 alterum
957 863 1025 917 vado

118 938 295 1006 transivimus,
326 937 440 988 alterurn
474 947 560 1005 ponte,
593 936 737 989 terribilem
763 936 886 987 'fecerant
916 935 1023 987 Persae.

116 1009 261 1075 Nunquam
284 1005 318 1058 ad
344 1005 473 1074 liquidum
499 1005 570 1056 fama
595 1004 762 1072 perducitur:
789 1005 884 1073 omnia,
904 1004 948 1056 illa
973 1014 1024 1055 tra·

116 1077 204 1144 dente,
218 1076 318 1144 majora
336 1084 396 1128 sunt
414 1090 483 1126 vero.
520 1075 615 1126 Nostra
633 1090 738 1142 qnoque
755 1073 845 1143 gloria,
858 1091 920 1126 curn
938 1073 972 1124 sit
990 1087 1024 1124 ex

117 1145 220 1212 solido,⁴
234 1145 294 1214 plns
306 1153 395 1197 tamen
408 1142 488 1196 habet
507 1143 627 1211 nominis,
641 1159 722 1212 quam
739 1143 835 1212 operis.
871 1142 953 1196 Modo
965 1141 1024 1210 quis

116 1214 211 1269 beluas
228 1214 371 1266 offerentes
383 1213 516 1264 moenium
530 1212 657 1281 speciem,
672 1214 732 1280 quis
744 1211 887 1282 Hydaspen
905 1227 1022 1278 amnem,

115 1285 176 1354 quis
187 1293 276 1335 cetera
287 1282 378 1344 auditu
398 1280 505 1351 majora,
518 1299 598 1351 quarn
612 1297 681 1349 vero,
696 1283 825 1333 sustinere
838 1297 915 1351 posse
933 1278 1024 1332 crede·

116 1353 181 1406 bart
217 1353 287 1405 Olim
305 1351 412 1404 hercule
430 1351 593 1418 fugissemus
610 1367 644 1403 ex
662 1351 733 1419 Asia,
747 1351 769 1402 si
788 1367 835 1403 nos
849 1348 958 1403 fabulae
978 1348 1024 1400 de·

116 1421 215 1476 bellare
228 1421 381 1491 potuissent.
419 1420 565 1472 Creditisne
579 1419 779 1489 elephantorum
797 1436 892 1488 greges
910 1419 1024 1489 majores

116 1508 183 1559 esse,
209 1507 288 1559 quarn
312 1506 423 1559 usquam
447 1499 625 1543 armentorum
649 1490 727 1542 suntl
752 1507 813 1542 curn
838 1500 864 1542 et
883 1506 972 1541 rarum
990 1487 1024 1540 sit

115 1560 221 1629 animal,
241 1577 290 1612 nec
314 1558 393 1611 facile
416 1559 541 1628 capiatur,
560 1558 698 1628 multoque
722 1559 860 1612 difficilius
876 1557 1022 1626 mitigetur.

114 1630 197 1701 Atqui
210 1629 307 1682 eadem
319 1629 422 1681 vanitas
434 1627 525 1696 copias
538 1628 658 1698 peditum
670 1629 844 1698 equitumque
863 1627 1022 1680 numeravit.

114 1699 184 1752 Nam
203 1699 312 1766 flumen,
331 1714 383 1766 quo
406 1698 485 1750 latius
508 1697 596 1750 fusum
621 1706 669 1763 est,
688 1715 738 1750 noc
755 1698 886 1768 placidius
904 1707 1022 1764 stagnat:

113 1769 212 1838 qnippe
233 1769 353 1835 angustis
380 1766 443 1835 ripis
466 1768 588 1834 coercita,
608 1774 635 1818 et
661 1767 688 1818 in
712 1769 890 1834 angustiorem
915 1766 1024 1818 alveum

114 1837 189 1904 elisa,
203 1846 332 1889 torrentes
351 1853 434 1904 aquas
454 1836 580 1887 invehunt
590 1837 608 1902 ,ἦ
620 1845 709 1886 contra
727 1836 811 1904 spatio
831 1835 901 1887 alvei
920 1835 1024 1901 segnior

113 1922 207 1958 cursus
219 1922 256 1957 es.
293 1905 433 1956 Praeterea
445 1904 470 1955 in
483 1905 538 1972 ripa
550 1919 629 1955 omne
649 1904 795 1972 periculum
815 1913 862 1971 est,
876 1903 922 1955 ubi
940 1902 1023 1972 appli-

114 1984 206 2027 cantes
215 1973 321 2041 navigia
330 1972 413 2025 hostis
422 1981 553 2040 expectat.
582 1972 1023 2040 ltaquantumounqueflumenin·

115 2043 235 2110 tervonit,
250 2042 323 2094 idern
335 2040 452 2094 futurum
466 2041 608 2094 discrimen
622 2049 663 2092 est
675 2038 847 2093 evadentium
860 2042 885 2094 in
898 2032 1004 2094 terrani.

148 2116 172 2164 9.
192 2111 243 2163 Sed
267 2111 356 2163 omnia
380 2112 429 2162 ista
453 2127 516 2162 vera
539 2127 599 2162 esse
628 2109 767 2178 fingamus.
812 2110 952 2164 Utrumnel
976 2126 1024 2165 vos

114 2180 269 2248 magnitudo
292 2179 439 2249 beluarum,
459 2197 492 2232 an
517 2179 658 2236 multitudo
677 2180 792 2232 hostiurn
811 2180 910 2233 terretl
945 2178 1022 2238 Quod

113 2251 226 2320 pertinet
246 2250 280 2302 ad
303 2249 465 2318 elephantos,
485 2266 612 2318 praesens
638 2249 770 2303 habemus
796 2250 967 2319 exemplum:
995 2249 1022 2302 in

112 2335 174 2372 suos
191 2319 384 2387 vehementius,
398 2335 477 2386 quam
498 2319 525 2371 in
543 2336 590 2371 nos
608 2319 781 2386 incurrerunt,
801 2329 854 2372 tam
873 2329 950 2371 vasta
968 2334 1023 2370 cor·

112 2405 176 2458 pora
194 2388 331 2441 securibus
349 2387 506 2456 facibusque
524 2387 646 2440 mutilata
670 2388 739 2440 sunt.
756 2436 757 2440 ,
775 2388 845 2446 Quid
871 2396 962 2440 autem
986 2390 1023 2440 in·

113 2465 201 2525 terest,
215 2456 324 2510 totidem
344 2457 404 2525 sint,
423 2466 486 2525 quot
507 2457 589 2509 Porus
608 2457 706 2525 habuit,
728 2473 762 2508 an
782 2458 830 2508 tria
849 2456 942 2509 milial
960 2473 1021 2509 cnm

113 2541 165 2579 uno
185 2534 231 2578 aut
242 2527 331 2593 ,altero
342 2525 487 2578 vulneratis
506 2533 608 2579 ceteros
626 2526 654 2578 in
673 2525 764 2593 fugam
783 2526 920 2579 declinari⁷
932 2525 1023 2578 videa-

116 2622 153 2631 μ-

142 2666 231 2729 ’ἤΤὴο
247 2674 342 2714 nearest
358 2664 501 2726 advantage,
514 2665 637 2715 whatever
652 2667 671 2715 it
687 2682 741 2727 may
753 2667 807 2724 be;'
820 2667 861 2715 the
877 2677 981 2725 nearest,
995 2683 1021 2716 as

113 2723 154 2772 the
166 2733 229 2772 most
240 2723 367 2773 desirable.

140 2783 179 2830 'lt
190 2784 268 2843 might
279 2783 331 2831 also
341 2783 402 2830 have
414 2785 475 2831 been
483 2787 589 2846 poseium
602 2786 646 2832 bnt
657 2799 699 2832 see
711 2785 808 2844 Zumpt,
821 2783 835 2836 i
845 2789 898 2833 515.

141 2847 164 2870 ⁸‘
173 2842 438 2890 Untrustworthiness.'

140 2905 150 2928 ⁴
160 2901 296 2961 ‘Althongh
308 2902 325 2948 it
337 2912 400 2948 rests
410 2917 441 2949 on
452 2900 530 2949 afirrn
542 2901 698 2950 foundation!
730 2938 732 2940 -

142 2959 263 3008 '‘Rivers
279 2959 359 3007 which
375 2976 415 3008 are
431 2961 564 3008 restrained
575 2961 660 3009 within
675 2962 864 3020 narrowbanlrs,
877 2963 924 3011 and
939 2962 1021 3012 forced

112 3019 163 3088 into
179 3035 194 3067 a
209 3018 312 3087 ehanpel
327 3034 448 3066 narrower
464 3019 522 3067 than
543 3020 602 3081 they
619 3019 737 3081 naturally
755 3022 857 3081 require,
875 3025 933 3071 bear
949 3021 1021 3082 along

111 3077 204 3128 furrous
215 3086 250 3134 (or
263 3079 433 3137 ‘impetuous')
445 3080 549 3126 waters’

139 3138 196 3185 ‘As
206 3147 232 3184 to
242 3137 283 3184 the
295 3137 464 3197 interrogative
476 3137 598 3196 partiales,
611 3152 654 3186 see
667 3138 747 3187 Graia.
759 3139 773 3190 l
785 3143 837 3196 197,
851 3144 886 3196 10,
900 3148 957 3189 note
969 3142 990 3188 1.

140 3200 254 3250 'Decline
264 3200 284 3248 is
295 3201 435 3248 sometimes
446 3200 507 3250 used
516 3203 676 3264 transitively,
689 3203 716 3250 ‘I
728 3213 782 3252 turn
793 3205 870 3262 away’
881 3201 1020 3263 something

111 3265 231 3318 (compare
248 3259 279 3307 ix.
293 3263 329 3316 16,
339 3277 411 3322 prope
422 3261 489 3322 fin),
502 3260 549 3309 and
568 3262 743 3344 consequentlp⁷
754 3263 794 3310 the
811 3261 907 3330 passive
925 3276 969 3308 carr
988 3263 1019 3309 be

110 3316 180 3374 used,
198 3332 224 3366 as
239 3317 430 3376 heracleanum,
451 3320 527 3368 ‘lam
542 3321 629 3370 turned
639 3337 722 3382 away·
750 3323 794 3370 but
810 3330 828 3368 rt
844 3321 865 3368 is
881 3319 1020 3384 commonly

109 3376 204 3425 usated
214 3392 240 3425 as
251 3392 282 3425 an
293 3377 441 3427 intransitive
451 3381 519 3436 verb,
535 3380 561 3427 ‘I
572 3389 631 3430 turn
643 3395 714 3442 amau
735 3378 841 3440 mvsshi.
867 3377 1045 3440 balzanum

110 3449 154 3484 our
169 3444 221 3484 text
236 3435 316 3486 would
332 3436 453 3489 therefore
468 3437 534 3490 beve
547 3441 617 3492 been
629 3455 704 3492 mors
716 3439 749 3488 in
761 3433 923 3486 aneorum
932 3427 1009 3474 maha
1016 3436 1061 3468 sx-
