2274 3772
490 202 582 243 mara
601 204 644 244 rx.
961 184 1021 247 278

109 314 208 385 quaeri,
222 329 302 382 quarn
314 311 413 365 multos
424 313 493 365 servi
505 312 620 382 ipsorum
632 313 765 382 persecuti
776 313 836 384 sint,
847 311 910 383 quid
923 311 1021 383 cuique

110 384 223 452 supersit
235 399 269 434 ex
281 382 389 451 praeda.
419 383 543 434 Omnium
555 383 668 434 victores
680 383 799 436 omnium
810 383 904 452 inopes
916 398 1018 436 sumus.

110 453 168 506 Neo
180 452 283 505 luxuria
295 450 452 519 laboramus,
466 451 513 503 sed
532 451 601 504 bello
616 451 793 505 instrumenta
804 453 868 505 belli
880 467 1020 523 consump-

110 522 203 574 simus.
239 521 317 572 Hunc
341 530 369 573 tu
393 520 600 589 pulcherrimum
622 522 768 575 exercitum
789 521 889 575 nudum
910 520 1021 590 objicies

110 591 215 644 beluisl
226 606 339 660 quarum
349 598 377 642 ut
386 589 581 643 multitudinem
594 601 708 658 augeant
719 591 754 643 de
766 590 895 644 industria
906 590 1019 661 barbari,

109 677 237 728 magnum
256 670 346 712 tamen
364 675 425 710 esse
442 668 583 712 numerum
600 659 683 712 etiam
695 674 730 713 ex
740 661 880 714 mendacio
892 659 1018 728 intelligo.

110 729 210 788 Quodsi
222 729 311 780 adhuc
323 736 462 797 penetrare
474 727 502 780 in
513 729 618 781 Indiam
627 739 786 798 certumest,
801 729 896 798 regina
904 729 1020 782 Meridie

110 800 201 851 minus
212 808 287 850 vasta
299 807 347 864 est,
361 814 414 866 qua
425 796 538 850 subacta
549 797 639 851 licebit
652 797 792 852 decurrere
810 800 837 852 iu
855 799 920 851 illud
936 815 1019 868 mare,

110 869 181 938 qnod
201 866 278 919 rebus
296 865 422 919 humanis
440 868 581 920 terminum
593 866 676 919 voluit
694 884 754 920 esse
771 875 873 922 natura.
909 869 960 920 Cur
971 868 1019 920 cir·

111 939 186 990 cuitu
198 936 266 1004 petis
277 935 395 1005 gloriam,
409 951 477 1004 quae
494 935 527 988 ad
546 943 656 990 manum
675 937 759 1006 posita
777 938 837 990 esti
856 937 900 990 hic
916 953 1020 1006 quoque

111 1007 223 1058 occurrit
241 1006 371 1057 Oceanus.
407 1004 467 1056 Nisi
487 1005 572 1058 mavis
591 1023 684 1075 errare,
705 1009 882 1077 pervenimus,
902 1022 953 1074 quo
973 1015 1021 1059 tua

112 1073 314 1127 fortunaducit.¹
340 1075 413 1125 Haec
422 1083 519 1143 tecum,
529 1075 676 1144 quamsine
686 1083 711 1127 te
720 1092 781 1128 cum
790 1076 840 1145 his,
850 1075 920 1144 loqui
929 1076 1019 1145 malui,

112 1160 163 1196 uon
175 1143 214 1194 uti
226 1143 319 1195 inirem
332 1143 528 1196 circumstantis
543 1145 675 1197 exercitus
691 1146 812 1214 gratiam,
826 1145 873 1198 sed
886 1154 914 1197 ut
926 1161 1020 1198 vocem

113 1213 277 1282 loquentium
289 1213 383 1281 potius,
397 1228 477 1281 quam
490 1213 619 1280 gemitum
630 1215 852 1267 murmurantium
864 1214 979 1267 audires

150 1286 188 1333 13.
207 1281 243 1334 Ut
265 1281 347 1334 finem
371 1281 479 1333 orationi
503 1283 607 1335 Coenus
631 1283 761 1353 imposuit,
781 1283 880 1336 clamor
902 1283 1021 1351 undique

112 1367 175 1404 cum
193 1351 293 1419 ploratu
312 1350 399 1419 oritur,
413 1367 503 1419 regern
519 1359 629 1421 patrem,
642 1352 789 1422 dominum,
803 1352 919 1405 confusis
929 1351 1021 1421 appel·

112 1420 179 1473 tiuru
193 1419 310 1472 vocibus.
346 1420 460 1490 Jamque
476 1427 503 1472 et
520 1420 567 1473 alii
585 1421 675 1488 duces,
689 1422 884 1492 praecipueque
896 1423 1019 1491 seniores,

112 1489 172 1559 quis
194 1488 228 1541 ob
251 1497 368 1542 aetatem
392 1497 419 1542 et
442 1490 578 1542 excusatio
597 1489 731 1543 honestior
749 1501 812 1560 erat,
835 1499 861 1544 et
879 1490 1022 1542 auctoritas

112 1559 202 1628 major,
217 1559 312 1611 eadem
325 1558 508 1628 precabantur.
545 1559 593 1612 Ille
606 1577 657 1612 nec
668 1560 798 1629 castigare
810 1559 961 1629 obstinatos,
969 1575 1021 1613 nec

111 1629 233 1696 mitigare
251 1636 353 1697 poterat
369 1629 455 1681 iratos.
492 1629 584 1698 ltaque
596 1629 639 1682 ino
658 1647 671 1682 s
682 1629 783 1682 consilii
795 1629 901 1683 desiluit
913 1647 928 1682 e
940 1628 1021 1682 tribu·

111 1699 172 1764 usli,
186 1697 273 1750 claudi
292 1713 327 1749 ue
345 1697 448 1765 regiam
464 1697 548 1767 jussit,
562 1647 686 1751 omnibus
700 1707 804 1778 praeter
814 1707 936 1752 assuetos
947 1698 1020 1751 adira

111 1766 257 1837 prohibitis.
307 1765 399 1819 iduum
412 1767 465 1818 irae
477 1766 569 1820 datum
582 1776 637 1820 est:
651 1777 727 1820 tertio
739 1767 783 1820 die
795 1769 929 1836 processit,
943 1767 1020 1834 erigi-

111 1853 165 1906 que
184 1836 234 1888 XlI
253 1852 313 1887 aras
333 1853 367 1888 ex
390 1836 518 1904 quadrato
541 1852 603 1888 saxo
623 1847 825 1889 monumentum
847 1836 1022 1906 expeditionis

112 1921 185 1972 suae,
198 1905 366 1957 munimenta
376 1920 483 1974 quoque
494 1914 639 1957 castrorum
650 1903 727 1974 jussit
740 1905 854 1974 extendi,
867 1904 1020 1973 cubiliaque

112 1973 248 2042 amplioris
271 1972 380 2042 formae,
401 1988 482 2042 quarn
504 1989 552 2042 pro
571 1989 708 2042 corporum
732 1973 832 2040 habitu,
852 1973 970 2042 relinqui,
992 1982 1021 2025 ut

112 2043 234 2113 speciem
253 2041 370 2094 omniurn
390 2049 507 2110 augeret,
526 2041 671 2110 posteritati
686 2041 768 2095 fallax
788 2043 945 2095 miraculum
982 2059 1021 2094 re·

112 2127 216 2182 parans.
252 2110 321 2163 Hinc
339 2119 461 2180 repetens
478 2126 547 2180 quae
565 2119 764 2164 emensumerat
787 2110 821 2164 ad
839 2112 941 2165 flumen
977 2127 1021 2164 ce·

113 2181 198 2234 sineru
218 2179 288 2232 locat
308 2189 402 2233 castra.
438 2179 478 2232 lbi
499 2180 565 2232 forte
586 2180 690 2233 Coenus
709 2197 766 2233 mor
820 2183 953 2234 extinctus
971 2188 1021 2233 est.

113 2249 196 2319 Cujus
218 2257 302 2301 morte
325 2249 455 2319 ingemuit
472 2248 582 2317 quidem
602 2266 656 2319 rex,
677 2249 776 2320 adjecit
796 2258 895 2319 tamen,
915 2258 1021 2320 propter

148 2334 212 2370 ucos
228 2317 287 2371 dies
304 2318 410 2388 longam
428 2319 572 2372 orationem
590 2335 653 2372 eum
666 2336 796 2388 exorsum,
811 2329 936 2388 tanquam
949 2319 1022 2371 solus

145 2386 301 2441 acedoniam
314 2387 418 2440 visurus
429 2396 508 2440 esset
544 2389 604 2441 Jarn
621 2390 647 2440 in
660 2405 730 2456 aqua
742 2388 842 2457 classis,
875 2404 937 2439 uam
949 2387 1022 2439 aedi·

113 2457 198 2510 ficari²
214 2456 336 2526 jusserat,
356 2457 450 2509 stabat.
486 2457 558 2509 Inter
576 2457 644 2510 haec
662 2458 790 2510 Memnon
810 2473 844 2510 ex
887 2456 976 2508 bracia
994 2455 1021 2508 in

113 2525 329 2605 supplementum
353 2527 472 2596 equiturn
496 2526 521 2579 V
543 2525 625 2595 milia,
650 2535 753 2596 praeter
778 2542 824 2578 eos
848 2525 883 2578 ab
907 2524 1022 2594 Harpalo

113 2596 234 2666 pediturn
252 2603 356 2665 septem
374 2595 448 2649 milia
465 2594 619 2664 adduxerat,
638 2612 712 2648 arma
732 2611 766 2648 ue
783 2594 855 2647 XXV
868 2593 941 2647 milia
958 2609 1022 2646 auro

113 2675 140 2718 et
158 2672 266 2732 argento
284 2664 387 2717 caelata
404 2664 553 2734 pertulerat,
571 2665 632 2734 quis
647 2665 720 2718 distri
741 2664 794 2717 ntis
805 2672 896 2716 vetera
909 2663 1021 2716 cremari

112 2733 198 2803 jussit.
233 2733 311 2786 Mille
334 2735 446 2802 navigiis
467 2734 586 2786 aditurus
608 2735 753 2799 Oceanum,
772 2732 959 2802 discordesque
983 2732 1021 2786 οῖ’

112 2812 204 2855 vetera
227 2802 287 2855 odia
309 2810 484 2856 retractantes
508 2803 604 2857 Porum
627 2812 654 2856 et
677 2802 797 2872 Taxilen,
821 2801 913 2856 Indiae
936 2819 1020 2872 reges,

141 2923 149 2946 ¹
163 2917 269 2966 ‘Ualess
280 2933 328 2977 you
344 2917 427 2966 intend
443 2928 468 2966 to
484 2933 624 2967 cummeneo
635 2918 727 2967 further
737 2917 897 2978 wanderings,
910 2933 948 2965 we
959 2915 1022 2965 have

112 2975 210 3036 already
221 2976 324 3025 reached
334 2977 376 3025 the
387 2977 452 3037 point
464 2987 489 3025 to
501 2977 580 3026 which
596 2992 656 3038 your
666 2977 760 3026 fortune
771 2976 838 3026 leads
846 2992 876 3025 us
884 2977 900 3034 ;'
913 2974 1019 3035 hemely,

111 3036 153 3084 the
165 3035 251 3085 Iudian
264 3036 354 3084 Ocean.

140 3095 281 3155 ’Compare
292 3095 324 3143 ia
338 3098 358 3143 1.
391 3095 439 3144 But
458 3095 482 3143 in
500 3093 553 3142 that
570 3110 625 3154 pass
658 3110 671 3143 e
687 3093 729 3143 the
744 3095 830 3144 author
844 3093 921 3154 spolie
937 3092 966 3141 of
979 3092 1021 3141 ths

112 3153 251 3214 Hydaspes,
265 3154 311 3202 and
328 3154 346 3202 it
357 3169 408 3202 was
423 3169 456 3202 on
471 3153 512 3201 the
528 3153 606 3202 banhs
622 3169 636 3202 o
661 3153 714 3202 that
730 3155 793 3202 river
803 3163 844 3202 too
855 3153 907 3201 that
919 3152 960 3199 the
971 3161 1021 3200 two
1094 3183 1098 3191 -

112 3212 181 3261 cities
193 3213 239 3260 had
251 3213 307 3260 latel
336 3215 397 3261 been
408 3212 520 3261 founded.
552 3212 701 3270 Alexander,
714 3212 843 3267 therefore,
855 3209 972 3317 probablg
982 3226 1020 3260 re·

112 3270 198 3319 turned
208 3281 232 3319 to
241 3272 282 3320 the
316 3271 429 3333 ydaspes‚
440 3270 486 3319 and
495 3271 628 3321 embarked
635 3287 666 3320 ou
675 3272 726 3320 that
735 3271 806 3321 river.
824 3269 941 3329 Perhaps,
970 3285 1020 3318 ow·

112 3344 177 3387 saer,
189 3331 290 3379 another
298 3330 354 3379 fleet
364 3347 415 3380 was
425 3331 497 3391 being
506 3330 567 3379 built
576 3340 600 3379 at
609 3329 650 3378 the
659 3346 726 3380 same
736 3331 794 3379 time
803 3344 835 3377 on
844 3328 884 3376 the
893 3328 1028 3394 haesisse.

140 3392 150 3417 ⁸
163 3388 267 3459 Qua-et
277 3401 391 3460 conrepta
402 3389 439 3439 sin
457 3389 480 3439 le
491 3388 588 3449 worda,
598 3385 1034 3448 neaer,uoneasx,·mttmmw

111 3446 154 3495 but
163 3447 244 3561 setall}¹
252 3463 277 3498 ru
289 3448 398 3501 Curtius.
430 3406 481 3501 &aa
491 3448 597 3514 Zumpt,
606 3448 692 3504 abab.
