2274 3772
451 235 452 238 ¹
482 224 574 265 uasa
593 224 657 265 rur.
964 210 1023 267 219

146 340 227 383 racter
237 348 296 393 was,
306 334 361 382 that
371 333 403 382 he
414 334 507 399 always
517 333 575 397 peid
586 342 683 396 respect
700 341 725 383 to
735 335 803 385 what
812 352 864 386 was
875 336 1023 387 honourable

146 416 174 448 or
184 396 255 448 noble
266 399 293 448 in
303 399 343 448 his
353 399 468 448 enemies.

114 531 293 600 Auaxsrruaa,
306 528 408 599 majore
426 529 595 598 famaquam
613 531 704 599 gloria¹
724 531 749 584 in
768 531 902 586 dicionem
911 533 1024 586 redacta

85 621 88 624 ’
114 609 196 680 petra,
209 616 271 653 cum
287 608 391 668 propter
402 615 501 666 vagum
520 599 622 658 hostem
643 600 806 670 spargendae
819 618 913 654 manus
924 612 1022 673 essent,

115 687 141 721 rn
153 679 208 722 tres
219 678 308 738 partes
319 668 408 720 divisit
421 669 581 721 exercitum.
613 668 839 737 Hephaestionem
852 673 905 741 uni,
919 672 1024 726 Coenon

114 738 191 791 alteri
203 738 287 791 duces
298 737 423 791 dederat:
444 739 501 807 ipse
517 737 611 790 ceteris
625 749 752 808 praeerat.
788 740 840 794 Sed
858 758 908 793 non
928 741 1022 794 eadem

115 825 192 861 mens
205 808 329 861 omnibus
340 807 459 860 barbaris
472 807 527 858 tuit.
564 809 654 860 Armis
671 808 781 878 quidam
799 810 901 862 subacti
909 826 917 878 3
935 811 1025 879 plures

114 888 176 932 ante
194 886 330 930 certarnen
349 876 479 945 imperata
497 876 623 945 lecerunt,
643 878 741 946 quibus
757 895 857 948 eorum,
871 881 916 948 qui
934 881 960 932 in
978 879 1024 932 de·

114 947 229 999 sectione
249 953 489 1016 perseveraverant,
502 945 582 998 urbes
596 962 725 1016 agrosque
742 946 819 1018 jussit
836 949 952 1002 attribui.
988 952 1023 1002 At

115 1017 209 1068 exules
226 1015 357 1068 Bactriani
374 1031 437 1067 curn
454 1015 541 1067 DCCC
559 1015 783 1084 Massagetarum²
794 1018 927 1086 equitibus
939 1018 1024 1088 proxi·

114 1100 174 1137 mos
186 1085 259 1137 vicos
271 1092 449 1137 vastaverunt.
480 1083 522 1135 Ad
535 1100 602 1153 quos
613 1085 773 1140 coercendos
784 1087 896 1155 Attinas,
911 1087 1025 1156 regionis

115 1153 173 1224 ejus
193 1152 352 1224 praefectus,
371 1153 434 1206 CCC
453 1153 565 1223 equites,
587 1152 837 1225 insidiarum,'quae
856 1156 1023 1226 parabantur,

115 1224 229 1293 ignarus,
249 1223 348 1276 eduxit.
384 1223 507 1291 Namque
527 1221 610 1275 hostis
628 1223 656 1294 in
675 1224 733 1277 silvi
776 1241 845 1294 quae
865 1235 938 1278 erant
957 1226 1023 1278 sorte

115 1309 148 1346 ca
232 1291 347 1362 junctae,
368 1302 500 1345 armatum
523 1291 637 1345 militem
660 1242 787 1362 condidit,
808 1295 899 1364 paucis
922 1295 1024 1365 propel-

115 1361 178 1414 lenti
201 1379 230 1414 us
269 1378 353 1431 ecura,
374 1369 403 1414 ut
422 1361 598 1430 improvidum
621 1362 655 1414 ad
680 1363 788 1416 insidias
810 1364 910 1433 praeda
948 1363 1024 1417 erdu-

115 1433 208 1484 ceret.³
250 1379 344 1500 ltaque
379 1431 550 1501 incomposito
576 1433 686 1499 agmine
716 1433 860 1502 solutisque
889 1434 1025 1487 crinibus

115 1502 220 1554 Attinas
248 1500 462 1570 praedabundus⁴
484 1500 659 1570 sequebatur3
689 1519 770 1571 quern
799 1511 1024 1572 praetergressum

115 1569 216 1640 silvam,
230 1572 275 1639 qui
293 1571 318 1623 in
337 1586 369 1621 ea
387 1569 567 1637 consederant,
585 1586 619 1623 ex
638 1570 777 1640 improviso
789 1571 880 1640 adorti,
894 1589 957 1626 curn
968 1589 1024 1625 orn·

114 1640 192 1693 nibus
221 1640 418 1692 interemerunt.
466 1639 593 1694 Celeriter
614 1639 649 1692 ad
675 1641 812 1694 Craterum
834 1641 915 1712 hujus
940 1642 1024 1694 cladis

114 1709 187 1762 sama
206 1708 307 1778 perlata
327 1718 384 1778 est5
408 1709 452 1778 qui
477 1726 537 1761 curn
561 1710 633 1762 omni
657 1711 777 1778 equitatu
801 1711 969 1780 supervenit:
995 1720 1023 1763 et

114 1779 285 1846 Massagetas
309 1778 418 1847 quidern
440 1777 495 1848 jam
516 1778 674 1847 refugerant,
696 1779 789 1832 Dahae
808 1780 883 1832 mille
903 1781 1021 1850 oppressi

114 1858 190 1902 sunt:
210 1863 320 1916 quorum
339 1847 415 1900 clade
428 1847 507 1899 totius
519 1847 632 1914 regionis
644 1847 718 1900 finita
729 1849 845 1901 desectio
857 1857 906 1900 est.
942 1849 1023 1901 Alex·

113 1919 196 1970 ander
207 1933 320 1986 quoque,
338 1914 475 1984 Sogdianis
491 1931 578 1967 rursus
595 1916 720 1985 subactis,
738 1917 901 1969 Maracanda
918 1919 1020 1986 repetit.

114 1986 154 2039 lbi
184 1984 291 2054 Berdes,
318 2002 399 2106 quern
425 1985 460 2037 ad
489 1983 603 2052 Scythas
628 2001 705 2054 super
732 1985 877 2055 Bosporum
905 1986 1023 2039 colentes

113 2057 241 2123 miserat,⁶
251 2071 315 2106 cum
337 2054 422 2123 egetis
433 2054 520 2122 gentis
531 2053 649 2106 occurrit.
687 2053 896 2124 Phrataphernes
908 2071 1020 2124 quoque,

113 2125 158 2194 qui
172 2123 334 2178 Chorasmiis
346 2123 485 2194 praeerat,⁶
496 2123 658 2190 Massagetis
675 2134 701 2176 et
720 2123 802 2177 Dahis
814 2125 949 2193 regionum
961 2141 1021 2176 con·

113 2195 175 2246 finio
187 2193 334 2264 adjunctus,
348 2193 464 2261 miserat,
477 2193 523 2261 qui
535 2192 666 2245 facturum
684 2194 813 2263 imperata
828 2193 1020 2263 pollicerentur.

113 2263 229 2332 Scythae
249 2263 383 2332 petebant,
405 2270 433 2315 ut
454 2262 525 2330 regis
544 2263 583 2314 sui
604 2263 687 2315 filiam
707 2263 873 2316 matrimonio
894 2264 944 2317 sibi
963 2263 1021 2332 jun·

113 2343 201 2400 geret:
232 2333 254 2385 si
278 2331 465 2400 dedignaretur
486 2331 653 2400 affinitatem,
681 2333 813 2401 principes
841 2333 1019 2386 Macedonum

113 2419 176 2455 curn
188 2401 345 2470 primoribus
357 2419 421 2454 suae
432 2401 518 2469 gentis
530 2401 660 2454 connubio
678 2403 748 2453 coire
766 2410 899 2470 pateretur
909 2420 922 2455 :.
933 2401 1021 2470 ipsum

112 2488 216 2541 quoque
241 2488 331 2540 regem
354 2480 494 2522 venturum
517 2469 552 2521 ad
575 2487 639 2523 eurn
662 2469 861 2538 pollicebantur.
903 2470 1021 2538 Utraque

113 2541 244 2610 legatione
263 2539 377 2608 benigne
394 2540 491 2608 audita,
509 2537 734 2608 Hephaestionem
752 2548 778 2591 et
796 2538 959 2592 Artabazum
977 2556 1021 2609 op-

113 2612 225 2681 periens,
240 2611 335 2663 stativa
354 2609 462 2662 habuit:
482 2608 582 2678 quibus
597 2608 737 2679 adjunctis,
757 2609 782 2661 in
802 2608 935 2676 regionem
952 2625 1021 2678 quae

112 2680 260 2750 appellatur
272 2679 381 2732 Bazaira
411 2680 520 2731 ervenit.

148 2755 172 2801 2.
192 2749 322 2801 Barbarae
340 2697 489 2817 opulentiae
509 2747 535 2800 in
553 2747 606 2799 illis
622 2746 688 2800 locis
699 2745 770 2800 haud
784 2746 837 2798 ulla
849 2756 909 2799 sunt
921 2747 1022 2816 majora

113 2818 219 2887 indicia,
232 2835 312 2888 quarn
330 2816 436 2885 magnis
453 2816 607 2870 nemoribus
624 2816 789 2885 saltibusque
807 2815 935 2869 nobilium
952 2815 1021 2868 lera-

142 2939 149 2961 ²
160 2933 215 2981 The
226 2931 381 2992 subjugation
394 2930 421 2978 cf
433 2931 561 2979 Arimazes
577 2930 622 2978 and
638 2930 676 2978 his
687 2931 746 2978 rock
758 2946 807 2979 was
819 2930 899 2980 rather
909 2947 923 2978 n
933 2941 1022 2978 matter

112 3002 137 3040 to
148 2993 178 3040 be
187 2991 269 3039 talked
279 2994 352 3039 about
360 2989 407 3039 and
417 2989 512 3049 praised
523 3001 547 3038 at
558 2989 599 3038 the
609 2990 676 3047 time,
687 2989 745 3038 than
755 2991 815 3039 such
824 3007 851 3039 as
860 2990 941 3039 would
952 2990 1021 3049 bring

112 3051 253 3100 Alexander
263 3049 380 3110 enduring
391 3050 467 3110 glory.

138 3112 183 3172 ΡΑ
196 3109 313 3170 Scythian
324 3109 451 3164 (nomadic)
463 3108 532 3156 tribe.

141 3175 150 3198 ³
162 3175 168 3196 ⁴
178 3169 207 3217 In
218 3170 295 3224 order,
309 3170 340 3228 by
352 3168 393 3215 the
405 3166 555 3227 prospectos
566 3169 649 3226 hasty,
662 3176 688 3215 to
698 3167 752 3216 lead
764 3167 815 3215 him
825 3167 881 3215 who
892 3165 1021 3224 suspected

111 3229 213 3289 nothing
223 3229 274 3283 into
285 3228 325 3276 the
337 3227 458 3275 ambush.'

141 3289 198 3394 ‘gis
210 3299 234 3335 to
246 3286 286 3334 the
299 3286 453 3334 terminaticn
463 3287 564 3342 bundas,
578 3300 620 3333 see
633 3285 713 3334 Gram.
725 3285 739 3336 i
750 3289 800 3334 145.

141 3354 149 3377 ³
179 3362 207 3395 ee
218 3347 258 3394 vii.
269 3349 306 3394 26.

140 3410 149 3434 ¹
161 3405 222 3462 Not,
234 3405 356 3462 however,
369 3419 397 3453 as
407 3419 422 3452 a
433 3403 537 3471 l'arsian
547 3413 642 3466 satrap,
651 3406 701 3454 but
711 3420 741 3453 as
751 3392 1061 3460 antntcpsnuepzffixns-

109 3462 162 3510 Tho
173 3462 311 3513 thmsmii
320 3478 412 3525 appear
422 3473 448 3514 to
458 3465 524 3517 bavo
536 3465 617 3518 dwolt
628 3465 710 3516 about
719 3464 767 3513 the
776 3459 892 3510 modern
898 3454 1012 3502 Chim·
