2274 3772
495 231 586 270 arasa
606 231 648 270 rx.
966 213 1024 271 298

116 337 210 392 salutis
226 338 390 407 aegritudine
407 338 539 392 affecerat.
578 340 638 391 Non
655 349 745 391 tamen
759 340 887 392 invictum
901 341 1021 394 animum

117 425 197 460 curae
227 408 347 478 obruunt,
377 409 441 487 quin
471 417 524 460 tota
556 419 633 460 nocte
656 408 817 488 'penideret'
841 410 868 460 in
897 408 1021 477 speculis,

116 477 273 546 equitesque
291 486 472 547 praesumeret
490 477 522 529 ad
542 494 572 529 os
589 495 684 546 amnis,
704 490 739 546 ur,
759 495 822 530 oum
839 495 912 530 mare
932 495 1021 531 rursus

116 557 271 600 exaestuare
290 547 441 615 sensissent,
455 547 651 615 praecederent.
688 547 802 614 Navigia
814 564 918 618 quoque
937 557 964 600 et
984 548 1020 600 la·

116 625 204 668 cerata
222 615 302 680 refici,
316 624 342 667 et
361 632 453 668 eversa
472 616 597 668 fluctibus
614 616 679 684 erigi
696 615 778 684 jubet,
792 626 948 685 paratosque
960 633 1021 669 esse

116 693 143 737 et
162 685 283 753 intentos,
303 702 363 737 cum
389 702 477 737 rursus
499 703 573 736 mare
598 696 680 737 terras
703 687 865 738 inundasset.
900 687 967 739 Tota
987 703 1021 738 ea

115 763 192 806 nocte
209 754 278 806 inter
289 754 393 821 vigilias
411 754 658 822 adhortationesque
678 764 841 824 consumpta,
855 754 975 808 celeriter
993 765 1020 807 et

115 825 218 891 equites
236 823 336 890 ingenti
353 840 432 875 cursu
451 822 578 892 refugere,
598 833 624 875 et
649 834 757 876 secutus
774 836 814 876 est
833 835 932 876 aestus.
968 825 1020 884 Qui

115 892 199 960 primo
217 893 294 959 aquis
312 893 364 944 leni
382 902 464 944 tractu
484 892 657 945 subeuntibus
682 893 769 963 coepit
795 894 883 946 levare
907 895 1019 964 navigia,

115 978 176 1012 mox
194 962 255 1013 rotis
272 962 374 1030 campis
397 961 526 1013 inundans
549 963 628 1014 etiam
654 963 759 1032 impulit
785 963 907 1016 classem.
944 964 1019 1016 Plau·

115 1047 211 1098 susque
231 1031 345 1082 militum
364 1031 588 1100 nauticorumque,
609 1032 768 1100 insperatam
796 1031 908 1085 salutern
927 1033 1020 1085 immo·
1066 1092 1069 1097 ¹

114 1098 174 1150 dico
186 1099 377 1152 celebrantium
391 1099 493 1167 gaudio,
505 1099 624 1152 litoribus
637 1101 753 1169 ripisque
766 1102 912 1154 resonabat.
942 1101 1019 1154 Unde

115 1177 216 1220 tantum
235 1169 344 1221 redisset
362 1169 447 1221 subito
468 1170 561 1221 merel
585 1187 636 1238 quo
656 1170 740 1239 pridie
758 1170 918 1239 refugissetl
938 1187 1018 1238 quae-

113 1254 176 1288 nam
199 1247 269 1290 esset
292 1237 413 1307 ejusdem
437 1238 561 1290 elementi
584 1247 684 1307 natura,
709 1240 786 1291 modo
809 1241 915 1307 discors,
941 1239 1019 1291 modo

113 1306 222 1374 imperio
247 1316 395 1376 temporum
418 1307 551 1374 obnonia,²
575 1308 722 1360 mirabundi
752 1309 927 1376 requirebant.
963 1310 1019 1362 Rex

113 1392 173 1427 curn
199 1394 231 1428 en
253 1393 292 1444 eo,
317 1376 387 1444 quod
409 1377 549 1444 acciderat,
574 1377 741 1446 conjectaret,
766 1387 824 1446 post
848 1378 910 1429 solis
933 1387 1019 1430 ortum

113 1454 210 1497 statum
230 1455 335 1513 tempus
352 1463 418 1512 esse,
432 1446 467 1498 de
485 1447 574 1498 media
592 1448 688 1513 nocte,³
700 1455 728 1499 ut
746 1456 848 1499 aestum
868 1455 1017 1516 occuparet,

112 1530 174 1566 cum
192 1516 283 1583 paucis
300 1515 413 1582 navigiis
431 1516 546 1567 secundo
559 1533 638 1567 amne
651 1515 769 1568 defluxit.
806 1518 976 1585 Evectusque
988 1532 1019 1568 os

112 1581 171 1652 ejus
183 1584 372 1652 quadringenta
393 1585 477 1650 stadia
491 1585 622 1654 ,processit
641 1585 667 1636 in
687 1603 767 1654 mare,
784 1586 891 1638 taudem
904 1586 957 1637 voti
977 1585 1018 1637 sui

111 1668 234 1722 compos;
261 1653 480 1722 praesidibusque
498 1664 524 1707 et
543 1655 623 1706 maris
641 1664 668 1706 et
686 1655 802 1707 locorum
820 1656 871 1707 diis
889 1655 1018 1707 sacrificio

112 1722 188 1790 lacto,
202 1722 235 1774 ad
249 1723 363 1774 classem
377 1723 459 1774 rediit.

146 1795 187 1842 38.
207 1792 273 1843 Hinc
298 1791 441 1844 adversum
466 1792 567 1844 flumen
593 1792 674 1845 subit⁴
698 1793 803 1861 classis,
816 1802 844 1845 et
868 1793 949 1844 altero
972 1791 1018 1843 die

111 1860 222 1928 appulsa
240 1870 280 1911 est
299 1859 370 1912 haud
396 1861 486 1929 procul
512 1861 571 1912 lacu
590 1861 665 1928 salso,
684 1860 760 1930 cujus
778 1862 907 1927 incognita
925 1869 1018 1912 natura

112 1929 251 1997 plerosque
264 1929 369 1997 decepit
382 1937 482 1981 temere
495 1929 627 1995 ingressos
645 1946 752 1996 aquam.
789 1930 893 1998 Quippe
913 1928 1018 1981 scabies

111 2013 218 2067 corpora
230 1997 334 2067 invasit,
347 2006 374 2049 et
386 1998 549 2064 contagium⁵
563 1997 645 2050 morbi
657 1999 738 2050 etiam
756 1998 783 2050 in
801 1998 868 2050 alios
880 1997 1017 2065 vulgatum

112 2075 160 2118 est.
197 2066 291 2119 Oleum
310 2066 427 2118 remedio
446 2066 504 2118 luit.
540 2068 672 2119 Leonnato
696 2067 792 2119 deinde
817 2067 970 2135 praemisso,
988 2076 1018 2120 ut

112 2145 206 2204 puteos
224 2135 333 2204 foderet,
346 2152 398 2204 qua
411 2136 524 2188 terrestri
538 2136 630 2188 itinere
643 2136 769 2189 ducturus
787 2137 932 2189 exercitum
945 2136 1017 2188 vide·

113 2205 196 2271 batur,
221 2205 318 2274 quippe
341 2205 412 2256 sicca
435 2215 490 2257 erat
516 2207 593 2274 regio,
618 2205 674 2274 ipse
698 2223 761 2258 cum
784 2206 868 2275 copiis
890 2205 1015 2272 subsistit,

112 2290 224 2326 vernum
248 2285 353 2343 tempus
377 2275 542 2344 expectans.⁸
586 2275 694 2327 [nterim
718 2284 744 2327 et
769 2276 848 2328 urbes
877 2275 1018 2354 plerasque

112 2342 238 2396 condidit.
274 2343 396 2395 Nearcho
414 2354 492 2412 atque
510 2344 655 2397 Onesicrito
673 2346 796 2396 nauticae
815 2347 852 2396 rei
864 2344 957 2412 peritis
969 2361 1018 2396 rm-

112 2412 222 2481 peravit,
247 2422 276 2464 ut
299 2411 476 2465 validissimas
500 2415 606 2465 navium
637 2413 799 2465 deducerent
823 2414 849 2464 in
873 2414 1017 2480 Oceanum,

113 2481 293 2550 progressique
312 2481 399 2550 quoad
420 2490 475 2533 tuto
494 2491 608 2551 possent,
626 2490 748 2534 naturam
766 2482 847 2534 maris
865 2490 1017 2533 noscerent:

112 2550 155 2602 vel
168 2550 261 2602 eodem
275 2568 363 2620 amne,
377 2550 418 2602 vel
433 2552 567 2620 Euphrate
580 2551 669 2604 subire
687 2567 733 2603 eos
750 2568 835 2620 posse,
848 2567 910 2602 curn
924 2550 1018 2602 reverti

112 2618 146 2671 ad
160 2636 189 2671 se
202 2619 308 2672 vellent.

147 2693 188 2740 39.
207 2689 320 2758 Jamque
333 2689 453 2758 mitigata
464 2689 561 2756 hieme,
575 2698 601 2742 et
614 2689 734 2758 navibus,
747 2705 816 2758 quae
829 2687 935 2743 inutiles
947 2686 1019 2741 ride·

112 2757 214 2826 bantur,
235 2759 367 2828 crematis,
388 2768 457 2811 terra
479 2759 593 2811 ducebat
617 2759 784 2811 exercitum.⁷
818 2758 902 2812 Nonis
927 2757 1020 2811 castris

143 2879 149 2900 ¹
161 2873 213 2920 ‘Hs
224 2872 352 2920 continued
364 2882 388 2920 to
399 2873 447 2922 sit!

142 2937 152 2962 ²
162 2931 322 2979 ‘Sometimes
333 2932 447 2991 opposed,
460 2933 600 2981 sometimes
611 2933 705 2992 subject
717 2941 741 2979 to
752 2931 794 2980 the
805 2933 932 2982 command
942 2933 1019 2981 ofthe

114 2991 224 3040 different
235 2991 350 3038 sassens’

142 3055 151 3078 ²
161 3049 344 3108 ‘immediately
355 3049 416 3097 alter
426 3050 562 3110 midnight.’

141 3115 150 3137 ⁴
161 3109 230 3156 Evan
238 3109 340 3156 without
352 3108 392 3156 the
403 3112 534 3165 aduersum,
541 3111 632 3170 flumen
642 3111 720 3158 subire
727 3109 807 3158 would
817 3110 879 3158 have
888 3118 969 3157 meent
979 3113 1020 3158 ‘to

113 3168 158 3237 sall
170 3183 201 3227 up
213 3168 253 3215 the
265 3168 327 3248 river
334 3168 351 3224 ;'
363 3167 399 3215 sor
409 3171 487 3216 subire
496 3167 603 3229 siguifies
617 3174 657 3216 ‘to
666 3184 698 3230 go
708 3167 769 3216 from
777 3169 856 3217 below
864 3184 896 3227 up
905 3177 930 3215 tc
938 3182 1018 3217 some·

113 3226 376 3344 thlnlbiiilroblginmonly
386 3288 500 3347 contagio.

140 3344 186 3391 ⁸In
198 3345 239 3392 the
250 3360 307 3403 year
317 3348 361 3392 325
372 3359 395 3391 a.
404 3359 426 3392 e.

141 3402 298 3451 'Alexander
308 3414 362 3451 sent
373 3403 436 3452 bsck
446 3403 489 3452 the
532 3413 599 3454 ester
613 3413 670 3466 part
686 3405 713 3454 ol
725 3405 771 3453 the
788 3401 965 3465 summum
970 3399 1039 3444 Ym-

111 3469 184 3518 terrrs,
199 3461 302 3523 through
312 3461 451 3514 Arachosia
602 3465 608 3476 “
664 3473 709 3524 ‚to
716 3460 869 3512 emortu-
888 3449 1057 3504 Wfflffl
