2274 3772
138 193 198 251 20⁰
406 207 445 248 nrt
469 208 576 249 enarra
598 207 783 249 sarxsnnru.

138 325 211 372 rant:
237 315 265 370 id
282 315 404 386 plurimis
420 325 448 371 et
465 315 659 370 adminiculum
677 324 703 370 et
721 315 869 384 suffugium
888 323 953 368 erat.
989 315 1052 370 Nec

137 385 248 440 fallebat
272 387 343 456 ipsos
364 388 441 440 morti
463 386 552 439 locum
576 386 682 454 eligere,
704 403 768 440 cum
788 384 940 438 immobiles
958 384 1051 438 vitalis

137 455 209 510 calor
228 455 373 525 linqueret:
398 456 446 509 sed
465 465 540 524 grata
560 465 615 509 etat
636 455 741 525 pigritia
760 471 899 524 corpomm
920 453 1049 524 fatigatis,

137 540 189 579 uec
209 525 365 578 recusabant
383 525 503 593 extingui
515 524 685 594 quiescendo.
721 524 824 594 Quippe
837 541 888 577 nou
900 524 1051 577 vehemens

137 594 224 663 modo,
246 595 292 647 sed
314 595 396 648 etiam
419 594 548 664 pertinax¹
568 596 610 647 vis
632 594 697 647 mali
715 593 869 662 insistebat5
894 594 1048 664 lucemque,

137 665 257 718 naturaie
269 663 398 734 solatium,
412 672 516 733 praeter
533 672 721 733 tempestatem
735 663 807 716 haud
819 662 953 732 disparem
966 662 1048 732 uncti,

137 733 264 787 silvarum
281 749 385 803 quoque
404 732 498 786 umbm
515 740 705 802 suppresserat.
740 733 797 786 Rex
814 749 885 785 uirus
902 732 965 785 tanti
981 732 1049 785 mali

137 803 241 874 patiens
253 803 394 857 circumire
406 802 512 871 milites,
527 803 681 855 contrahere
692 802 834 871 dispersos,
847 802 962 854 allevare
975 818 1049 871 pros·

137 881 224 941 tratos,
244 873 383 926 ostendere
403 871 494 942 procul
515 872 652 925 evolutum
672 889 707 926 ex
727 872 839 940 tuguriis
856 870 969 940 sumum,
988 870 1049 924 hor·

136 943 240 1010 tariqne
258 951 287 994 ut
304 941 424 1012 proxima
440 957 563 1012 quaeque
581 941 697 1010 suffugia
714 949 882 1010 occuparent.
917 942 976 994 Nec
992 939 1050 994 ulla

136 1027 180 1064 res
191 1012 276 1079 magis
289 1011 366 1064 saluti
378 1011 434 1079 fuit,
448 1027 530 1082 quam
541 1011 612 1080 quod
623 1010 798 1080 multiplicato
810 1009 899 1064 labore
912 1010 1048 1064 sufficien-

136 1089 192 1204 ἵζω
205 1081 302 1149 mulis,²
313 1080 411 1150 quibus
428 1080 478 1151 ipsi
496 1089 638 1150 cesserant,
656 1097 747 1150 regem
764 1080 889 1134 deserere
906 1078 1048 1134 embesce·

173 1157 209 1202 nt.
359 1181 361 1184 v
854 1151 856 1160 '

174 1224 213 1272 1⁵.
233 1219 358 1272 Ceterum
375 1217 510 1273 efficacior
526 1219 554 1272 in
570 1218 689 1273 adversis
706 1218 860 1286 necessitas,
874 1234 956 1288 qnam
972 1219 1047 1288 ratio,

136 1286 240 1357 frigoris
261 1287 412 1354 remedium
435 1289 543 1342 invenit.
585 1288 706 1343 Dolabris
728 1288 801 1342 enim
825 1287 907 1341 silvas
929 1296 1049 1342 sternere

135 1357 262 1428 aggressi,
276 1357 376 1427 passim
392 1374 503 1412 acervus
519 1367 658 1428 struesque
674 1359 861 1412 accenderunt.
896 1357 1048 1411 Continenti

135 1426 260 1489 incendic
277 1427 370 1480 ardere
387 1427 510 1490 crederes
528 1427 633 1499 saltum,
644 1435 674 1481 et
686 1428 732 1483 vix
747 1429 815 1481 iuter
827 1426 950 1480 flammas
961 1428 1048 1495 agmi-

136 1495 216 1549 nibus
236 1496 356 1549 relictum
376 1497 473 1550 locum.
510 1497 561 1550 Hic
581 1498 653 1550 calor
672 1498 806 1566 stupentia
825 1496 957 1551 membra³
974 1513 1048 1549 com·

136 1565 227 1634 movit,
241 1565 422 1635 paulatimque
439 1565 556 1636 spiritus,
575 1583 657 1637 quem
675 1567 840 1620 continuerat
858 1566 934 1636 rigor,
953 1583 1048 1619 meare

136 1632 220 1701 libere
243 1633 339 1702 coepit.
381 1635 518 1704 Excepere
541 1635 608 1689 alins
630 1644 702 1689 tecta
724 1636 900 1703 barbarorum,
926 1652 996 1704 qnae
1019 1639 1048 1689 iu

136 1701 229 1757 ultimo
249 1702 318 1756 saltu
338 1703 429 1758 abdita
448 1705 595 1758 necessitas
617 1706 822 1773 investigaverat
829 1722 837 1775 ;
860 1705 927 1758 alios
949 1713 1048 1776 castra,

135 1772 250 1842 quaein
268 1772 378 1827 humido
395 1774 513 1844 quidem,
527 1774 574 1828 sed
591 1774 646 1845 jam
665 1776 732 1828 coeli
751 1775 907 1828 mitescente
925 1774 1047 1843 saevitia,

136 1840 296 1896 locaverunt.
333 1844 392 1897 Duc
409 1843 484 1898 milia
501 1845 617 1898 militum
634 1855 714 1915 atque
732 1845 846 1898 lixarum
860 1844 1050 1966 calonumque⁴

136 1912 220 1982 pestis
242 1912 288 1965 illa
311 1913 483 1984 consumpsit.
518 1913 668 1968 Memoriae
690 1915 823 1984 proditum
846 1923 894 1984 est,
916 1930 982 1983 quos
1000 1931 1048 1968 am

135 1981 281 2051 applicatos
304 1983 426 2037 arborum
452 1983 557 2054 truncis,
583 1993 610 2037 et
633 2001 685 2038 non
708 1985 795 2037 solum
818 1984 975 2052 viventibus,
997 1985 1046 2037 sed

136 2051 219 2104 etiam
232 2051 299 2104 inter
311 2069 340 2105 se
352 2052 563 2122 colloquentibus
574 2054 683 2124 similes,
694 2071 753 2107 esse
761 2062 924 2123 conspectos,
934 2053 1048 2108 durante

136 2119 225 2174 adhuc
243 2120 343 2190 habitu,
357 2122 384 2174 in
401 2140 452 2191 quo
469 2139 541 2176 mors
559 2117 693 2193 quemque
712 2124 931 2193 deprehenderat.
968 2123 1048 2177 Forte

136 2188 252 2241 Macedo
270 2191 405 2257 gregarius
422 2191 502 2244 miles
520 2209 602 2260 seque
621 2203 647 2246 et
665 2210 740 2246 arma
757 2201 915 2261 sustentans,
933 2193 1047 2247 taudem

137 2257 165 2310 iu
182 2265 269 2309 eastra
286 2267 450 2328 pervenerat.
487 2260 545 2318 Quo
563 2261 620 2313 viso
641 2279 695 2332 rex,
716 2279 879 2332 quamquam
898 2264 955 2332 ipse
977 2274 1047 2316 tum-

136 2326 255 2381 maxime
272 2328 378 2381 admoto
399 2329 460 2396 igue
481 2329 615 2383 rescrebat
635 2340 715 2400 artus,
735 2349 769 2385 ex
789 2332 855 2385 sella
875 2349 923 2384 sua
943 2332 1046 2401 exiluit,

138 2405 339 2467 torpentemque
362 2398 475 2452 militem
502 2407 530 2452 et
553 2399 599 2452 vix
624 2410 775 2470 compotem
801 2402 905 2469 mentis,
930 2401 1049 2471 demptis

136 2468 225 2536 armis,
240 2467 267 2521 iu
280 2484 329 2522 sua
340 2467 405 2522 sede
421 2467 499 2538 jussit
511 2469 656 2522 considere.
693 2470 741 2524 Ille
753 2471 799 2524 diu
811 2470 916 2524 necubi
931 2473 1049 2540 requies·

137 2545 217 2605 ceret,
236 2554 287 2591 nec
304 2555 321 2590 a
338 2554 390 2607 quo
409 2549 481 2592 esset
501 2548 629 2610 exceptus
648 2541 763 2608 agnovit.
799 2539 920 2594 Tandem
941 2549 1048 2611 recepto

138 2606 225 2659 calore
237 2607 317 2673 vitali,
331 2617 360 2661 ut
376 2609 477 2677 regiam
489 2608 582 2661 sedem
594 2626 739 2678 regemque
750 2609 824 2678 vidit,
838 2610 942 2664 territus
954 2611 1047 2678 surgit.

138 2674 225 2732 Quem
245 2677 352 2731 intuens
371 2678 530 2747 Alexander,
553 2678 656 2747 Ecquid
681 2679 826 2750 intelligis,⁶
845 2679 931 2749 miles,
954 2680 1046 2751 inquit,

167 2811 174 2834 ¹
188 2807 324 2867 ‘Lessing'
339 2809 512 2857 ‘continuone’

166 2865 279 2921 “Who,
297 2866 357 2915 with
376 2868 436 2923 (that
456 2869 484 2924 is,
505 2869 728 2930 notwithstanding)
745 2871 839 2932 greatly
856 2886 922 2919 more
941 2872 1046 2930 trouble,

138 2924 350 3043 ppqlqieeqhimsclf
366 2943 380 2974 a
400 2928 482 2976 match
502 2927 538 2976 ior
558 2928 599 2976 the
621 2929 762 2988 chlamides,
784 2939 810 2978 tu
825 2930 905 2979 which
925 2931 985 2991 they
1001 2932 1049 2981 had

168 3047 176 3071 ³
189 3042 257 3089 ‘The
268 3043 406 3092 benumbed
417 3045 505 3094 limbs.’

168 3115 262 3184 ‘Lince
277 3131 316 3163 are
332 3114 381 3163 free
397 3118 491 3177 people,
505 3119 560 3167 who
576 3119 658 3168 follow
668 3137 699 3168 an
714 3137 782 3182 army
797 3122 822 3170 in
837 3122 930 3182 pursuit
946 3123 973 3171 of
985 3124 1051 3174 their

139 3186 279 3232 avocation;
296 3177 397 3231 calones,
410 3177 451 3225 the
463 3177 543 3226 slaves
554 3178 582 3226 ol
588 3179 629 3227 the
640 3180 749 3229 soldiers.

169 3247 312 3308 *Literally‚
329 3247 405 3295 ‘Dost
421 3248 481 3297 thou
496 3250 520 3297 in
536 3266 583 3311 any
593 3262 688 3311 respect
704 3253 772 3302 seel’
804 3251 853 3301 But
868 3257 948 3317 ecquid
962 3256 983 3304 is
996 3257 1050 3306 also

139 3307 200 3359 rssed
211 3306 302 3368 merely
312 3323 338 3356 as
349 3323 379 3354 an
391 3308 560 3368 interrogative
571 3311 678 3370 particle,
692 3324 731 3360 not
744 3313 801 3372 only
812 3314 949 3374 negatively
959 3321 977 3370 (⁸
986 3316 1049 3365 Dost

131 3364 192 3414 thou
202 3382 248 3438 seo
256 3367 293 3426 l'),
308 3368 351 3418 but
362 3365 416 3418 aleo
458 3367 572 3432 sitirely3
588 3370 642 3419 that
651 3371 754 3427 is,with
762 3371 804 3419 the
814 3374 967 3430 expectation
977 3375 1006 3423 os
1018 3391 1050 3425 aa

118 3424 273 3480 affirmante
284 3446 386 3483 answer
398 3435 416 3491 (ι
465 3440 490 3482 st
500 3429 566 3483 thou
574 3440 619 3482 not
629 3430 721 3486 seal't.
747 3429 800 3478 bea
806 3429 996 3487 unanasiun-
