2274 3772
460 192 461 196 ¹
483 186 575 226 ursae
594 188 637 228 ru.
971 172 1011 228 19

105 296 237 348 utmmne¹
254 294 322 347 ultra
339 294 559 364 progrediendum
573 296 646 365 toret,
659 313 691 347 an
706 295 742 348 ibi
753 294 905 366 opperiendi
919 305 1010 350 esseut

107 363 167 416 novi
188 363 294 432 milites,
313 380 379 432 quos
398 379 431 415 ex
452 363 609 416 Macedonia
628 365 771 417 adventare
789 364 934 432 constabat,
948 365 1010 418 Pur·

107 433 193 485 meniu
216 450 267 484 non
290 432 373 485 aliurn
399 431 487 486 locum
513 433 611 502 proelio
637 434 765 502 aptiorem
788 450 848 485 esse
871 433 1007 487 censebat.

105 501 208 571 Quippe
221 501 273 554 illic
285 502 419 570 utriusque
433 502 500 569 regis
512 502 601 571 copias
613 519 721 554 numero
734 501 835 554 suturas
847 519 932 572 pares,
945 520 1008 557 cum

105 572 241 639 angustiae
261 569 455 623 multitudinem
475 587 525 622 non
544 579 683 639 caperent3
702 570 839 640 planitiem
851 571 1007 640 ipsis’cam·

105 656 204 710 poaque
218 657 278 692 esse
290 639 418 706 vitandos,
432 638 477 691 ubi
494 640 634 706 circumiri,
649 639 692 693 ubi
705 640 813 709 ancipiti
824 640 884 692 acie
895 641 1007 710 opprimi

105 717 219 777 possent.
239 709 352 776 Timere,
367 725 400 760 ne
412 708 474 759 non³
486 709 580 760 virtute
594 708 716 777 hostiurn,
731 710 777 760 sed
791 709 945 762 lassitudine
958 726 1006 763 sua

105 777 278 830 vincerentur.
315 778 408 829 Persas
427 790 548 828 recentes
565 777 676 830 subinde
696 794 871 847 successuros,
886 779 906 830 si
921 779 1007 832 laxius

104 857 173 898 stare
186 848 338 916 potuissent.
357 846 447 898 Facile
460 847 522 897 ratio
534 856 588 898 tam
602 846 711 899 salubris
720 847 819 898 consilii
832 857 943 917 accepta
956 857 1005 900 est.

104 917 195 983 ltaque
209 918 275 967 inter
287 915 421 983 angustiae
433 914 514 966 saltus
527 915 628 967 hostem
641 916 752 985 opperiri
765 917 864 969 statuit.

142 990 181 1037 18.
200 987 263 1038 Erat
276 985 300 1035 in
313 985 430 1035 exercitu
444 985 512 1050 regis
523 982 629 1036 Sisenes
638 985 744 1037 Perses:
764 985 896 1054 quondam
906 1004 922 1038 a
931 1003 1005 1055 prae-

104 1065 158 1106 tore
172 1052 286 1122 Aegypti
306 1053 402 1105 missus
419 1051 452 1103 ad
473 1053 629 1122 Philippum,
647 1053 773 1123 donisque
786 1063 811 1106 et
824 1055 895 1106 omni
908 1055 1006 1108 honore
1053 1113 1056 1119 ,

103 1123 197 1192 cultus,
219 1122 326 1174 exilium
348 1121 431 1190 patria
451 1121 514 1172 sede
537 1131 684 1174 mutaverat
695 1125 713 1174 :⁴
736 1125 834 1175 secutis
857 1124 954 1177 deinde
978 1125 1004 1178 in

104 1192 194 1244 Asiam
215 1191 402 1258 Alexandrum,
427 1191 493 1241 inter
520 1190 612 1243 fideles
635 1193 720 1242 socios
743 1192 897 1245 habebatur.
934 1195 1004 1247 Huio

103 1261 239 1329 epistolam
264 1260 395 1324 Cretensis
414 1260 492 1311 miles
515 1261 676 1329 obsignatam
695 1260 781 1329 anulo,
800 1261 876 1330 cujus
899 1263 1003 1329 signum

104 1329 173 1382 haud
193 1347 256 1382 sane
274 1340 363 1381 notum
382 1339 445 1397 erat,
465 1329 578 1381 tradidit.
615 1331 787 1382 Nabarzanes
805 1341 907 1399 praetor
926 1333 1004 1386 Darei

102 1400 209 1452 miserat
232 1416 301 1467 earn,
326 1398 529 1467 hortabaturque
559 1399 687 1468 Sisenem,
714 1408 742 1451 ut
772 1400 880 1467 dignum
904 1401 1003 1470 aliquid

102 1468 235 1521 nobilitate
249 1477 327 1537 atque
340 1468 456 1520 moribus
469 1470 522 1520 suis
534 1468 633 1536 ederet,
647 1485 742 1537 magno
754 1469 779 1521 id
793 1469 818 1520 ei
830 1470 899 1538 apud
913 1487 1003 1538 regem

102 1538 189 1590 honori
209 1539 272 1589 iore.
308 1538 362 1589 Has
379 1537 478 1589 litteras
496 1537 608 1605 Sisenes,
623 1548 711 1606 utpote
730 1538 861 1592 innoxius⁵
872 1539 906 1592 ad
923 1539 1003 1592 Alex·

100 1607 210 1659 audmm
229 1624 308 1676 saepe
326 1605 428 1659 deferre
448 1608 584 1674 temptavit
594 1623 601 1675 3
621 1607 675 1658 sed·
686 1625 749 1660 cum
766 1617 800 1659 tot
813 1609 1003 1678 curisappara·

100 1687 181 1744 tuque
205 1675 266 1728 belli
293 1693 379 1744 regern
405 1675 504 1727 videret
528 1677 622 1744 urgeri,
640 1677 727 1745 aptius
751 1677 874 1729 subinde⁶
897 1686 1004 1747 tempus

100 1756 250 1813 expectans,
265 1745 440 1814 suspicionem
457 1745 512 1796 initi
526 1746 630 1797 scelesti
643 1746 744 1798 consilii
757 1747 884 1815 praebuit.
920 1748 1002 1799 Nam·

100 1831 152 1883 que
171 1813 288 1884 epistola,
308 1815 459 1883 priusquam
479 1814 502 1864 ei
522 1814 681 1882 redderetur,
702 1816 728 1867 in
746 1832 841 1867 manus
859 1816 1002 1868 Alexandri

118 1893 262 1952 ervenerat,
287 1882 438 1952 lectamque
463 1900 531 1949 eam,
557 1884 635 1950 ignoti
659 1884 730 1935 anuli
756 1884 841 1951 sigillo
865 1885 1001 1965 impresso,

99 1901 181 2005 ilseni
206 1951 261 2005 dari
284 1951 454 2022 jusserat,'ad
479 1953 672 2004 aestimandam
697 1952 778 2004 fidem
802 1952 914 2006 barbari.
950 1954 1001 2012 Qut

99 2024 160 2090 quia
178 2038 225 2091 per
242 2023 391 2091 complures
408 2021 466 2073 dies
478 2038 528 2074 non
540 2023 640 2073 adierat
655 2038 751 2089 regern,
766 2022 878 2074 scelesto
893 2023 1001 2076 oonsilio

98 2107 158 2143 eam
172 2091 245 2144 visus
256 2101 295 2143 est
309 2091 493 2160 suppressisse,
507 2102 532 2142 et
552 2091 576 2143 in
594 2091 701 2158 agmine
713 2109 729 2142 a
741 2091 916 2162 Cretensibus,
931 2092 1000 2145 haud

98 2160 179 2213 dubie
191 2160 264 2228 jussu
278 2162 355 2228 regis,
368 2160 480 2211 occisus.

136 2234 172 2281 19.
191 2231 303 2298 Jamque
321 2229 415 2282 Graeci
433 2228 542 2298 milites,
553 2246 619 2298 quos
636 2229 791 2299 Thymodes
802 2247 818 2281 a
830 2230 1001 2284 Pharnabazo

98 2307 243 2366 acceperat,
257 2299 397 2367 praecipua
416 2314 477 2366 spes
494 2307 520 2349 et
538 2300 725 2366 propemodum
741 2299 825 2367 unica,
838 2299 873 2351 ad
886 2301 1000 2352 Dareum

97 2376 279 2434 pervenerant.
301 2367 355 2418 'lli
384 2368 544 2436 magnopere
574 2368 728 2436 suadebant,
752 2377 781 2420 ut
811 2366 878 2419 ret'ro
906 2368 999 2436 abiret,

98 2435 276 2504 spatiososque
289 2436 499 2503 Mesopotamiae
511 2451 618 2504 campos
631 2445 774 2504 repeteret:
787 2437 809 2488 si
822 2435 848 2487 id
860 2436 1000 2491 consilium

127 2536 134 2557 ¹
146 2529 290 2588 Equiralent
307 2540 332 2577 to
347 2539 427 2577 utrum
439 2529 538 2576 without
552 2547 588 2576 ne.
620 2530 667 2576 See
680 2530 760 2576 Grani.
772 2530 785 2580 i
796 2532 847 2585 197,
863 2534 898 2586 to,
911 2540 966 2578 note
979 2534 999 2579 l.

98 2588 236 2648 According
247 2598 272 2635 to
283 2588 323 2635 the
333 2588 433 2648 original
444 2588 607 2635 construction
618 2587 646 2635 oi
653 2588 701 2634 this
713 2587 807 2647 phrase,
821 2589 838 2635 it
850 2589 926 2649 might
937 2589 999 2638 have

96 2649 850 2709 been,utrumprogrediendumnecssetultrc‚cnnouirbinitr'tes
930 2650 997 2706 'endi

96 2706 176 2754 which
188 2717 252 2754 must
264 2708 294 2753 be
305 2705 431 2764 explained
444 2707 477 2764 by
487 2706 607 2752 reference
624 2716 648 2753 to
664 2721 677 2753 a
693 2705 763 2753 fuller
778 2706 837 2755 form
853 2722 867 2754 ο
891 2707 932 2755 the
943 2722 998 2755 sarr·

97 2777 180 2814 tenue:
197 2775 278 2812 utrum
284 2767 384 2826 fuceret.
397 2768 492 2812 ultrane
499 2768 685 2826 progrederetur,
698 2782 730 2812 nn
741 2767 772 2813 tbi
781 2769 932 2827 opperiretur.
996 2762 1004 2778 ⁹

97 2829 135 2931 Pe
146 2823 199 2892 ‘ily
208 2823 356 2872 themselves
365 2824 381 2880 ;'
395 2823 446 2870 that
458 2824 486 2878 is,
498 2822 538 2869 the
550 2823 730 2879 Macedonicus,
741 2825 765 2871 in
775 2825 911 2884 opposition
922 2836 947 2873 to
958 2825 999 2874 the

118 2898 218 2931 erstans.
597 2895 599 2899 ’

124 2947 133 2970 ⁸
143 2941 181 2989 Ne
191 2959 240 2990 non
249 2941 308 2990 does
324 2951 365 2988 not
382 2940 438 2988 here
454 2940 524 2988 stand
540 2939 576 2987 scr
589 2949 633 2997 ut,·
651 2943 695 2989 but
705 2958 753 2989 non
763 2941 864 3002 belongs
875 2953 900 2990 to
911 2944 1000 2991 uirtute

95 3002 195 3049 hostium
205 3001 229 3056 iu
240 3000 376 3059 opposition
385 3010 410 3046 to
419 3001 561 3047 lassitudine
568 3015 620 3047 suc.
640 2999 693 3047 ‘He
702 2999 780 3048 secred
791 3000 836 3048 lest
845 3001 903 3061 they
912 3000 1000 3048 should

95 3061 126 3107 be
137 3059 281 3165 copquered,
294 3069 335 3107 not
346 3058 462 3117 certainly
471 3059 503 3117 by
511 3057 552 3105 the
561 3058 645 3107 vulcur
654 3058 682 3106 oi
690 3058 730 3106 the
739 3074 835 3119 enemy,
845 3061 889 3107 but
897 3061 930 3119 by
936 3058 1000 3107 their

94 3133 150 3166 own
170 3129 203 3165 atr
237 3134 259 3166 e,

124 3182 133 3204 ⁴
143 3175 190 3225 For
201 3134 363 3224 cgdnstmction
374 3174 403 3222 of
413 3184 511 3230 mutare,
524 3189 565 3223 see
579 3175 658 3223 Gran.
670 3176 744 3232 tm,
756 3185 820 3224 note.

124 3235 227 3283 ¹Cicero
238 3251 294 3283 uses
306 3236 416 3283 innocens
432 3233 498 3302 only,
512 3233 611 3282 Curtius
626 3235 735 3294 employa
751 3234 810 3282 both
826 3236 936 3283 mnocens
951 3234 999 3283 aud

93 3296 207 3344 iumine
218 3294 277 3342 with
288 3293 329 3341 the
340 3308 407 3341 same
418 3291 585 3354 sigurfication.
616 3292 746 3351 tamaius,
754 3293 875 3350 however,
888 3293 932 3341 has
947 3292 999 3342 also

93 3353 214 3460 spgspive
225 3351 482 3460 arpennirpg,ti‘npplyurt.’

179 3426 231 3461 rom
253 3426 301 3461 rme
406 3444 413 3459 .
