2274 3772
111 158 170 215 tls
372 173 412 213 nn
434 173 541 214 ussus
562 174 747 215 snsxsrrnru.

111 283 188 338 brem
212 283 331 352 sumpsit,
356 281 531 352 laceratisque
553 281 669 336 crinibus
694 281 768 336 humi
790 298 888 352 corpus
911 282 1028 352 abjecit.

112 351 255 406 Assidebat
274 351 300 404 ei
319 351 402 405 alters
425 369 460 405 ex
480 350 612 421 neptibus,
630 367 714 421 nuper
729 350 858 404 amissum
879 351 1028 422 Hephaes-

111 422 218 490 tionem,
231 421 274 474 cui
290 429 423 491 nupserat,
442 420 554 489 lugens,¹
572 437 617 491 pro
637 421 740 490 riasque
757 437 852 473 causas
868 420 974 474 doloris
998 423 1027 474 iu

111 491 246 544 communi
263 490 396 543 maestitia
414 489 580 543 retractabat.
685 490 802 543 omnium
820 505 932 544 suorum
949 490 1028 543 mala

111 558 275 628 Sisygambis
294 576 348 613 uua
367 559 508 629 capiebat.¹
541 557 590 611 Illa
608 575 692 628 suam,
713 557 770 611 illa⁸
790 559 914 627 neptium
931 560 1027 612 vicem

111 627 202 681 flebat.
237 629 341 682 Receru
349 627 422 681 dolor
430 628 512 681 etiam
523 627 664 696 praeterita
675 635 852 680 revocaverat.
890 629 1027 687 Crederes

110 698 190 750 modo
207 697 338 752 amissum
357 698 481 766 Dareum,
495 704 521 749 et
575 696 636 749 riter
648 696 762 749 miserae
773 697 888 750 duorum
905 697 1025 750 filiorum

111 767 240 836 exequias
263 783 324 819 esse
343 765 487 820 ducendas.
556 765 618 818 ebat
640 765 719 817 simul
742 776 858 818 rncrtuos
879 767 1023 835 vivosque.

111 835 198 895 Quem
218 836 290 889 enirn
310 835 469 905 puellarum⁴
487 842 608 888 acturum
626 851 684 886 esse
702 834 813 887 curami
834 851 917 903 quern
937 834 1023 888 alium

111 905 229 958 futurum
248 904 452 958 Alexundrumi
473 904 569 957 iterum
588 920 694 956 essese
713 911 811 972 captas,
831 903 931 958 iterum
951 904 1022 956 exci-

111 973 182 1028 disse
202 991 291 1042 regno.
328 974 379 1032 Qui
400 981 502 1026 mortuo
522 973 607 1027 Dareo
627 973 699 1042 ipsas
718 980 843 1042 tueretur,
861 974 1021 1042 repperisse,

130 1046 157 1097 ui
181 1053 239 1113 post
262 1043 445 1098 Alexandrum
473 1042 635 1112 respiceret,⁵
660 1041 751 1110 utique
779 1058 832 1094 nou
861 1052 1020 1112 reperturus.

147 1112 220 1165 bibat
233 1113 299 1165 inter
311 1112 379 1165 haec
390 1112 518 1180 animum,
530 1111 663 1183 octoginta
674 1109 768 1163 iratres
785 1127 847 1162 suos
864 1110 966 1164 eodem
978 1111 1022 1162 die

110 1182 146 1236 ab
165 1182 238 1236 Ocho
262 1182 419 1235 saevissimo
440 1197 533 1249 regum
557 1179 708 1247 trucidatos,
728 1179 922 1249 adjectumque
943 1180 1022 1248 stragi

111 1260 149 1305 tot
167 1251 281 1306 filiorum
301 1260 419 1321 patrem5
438 1266 454 1302 e
471 1267 500 1302 se
520 1258 575 1302 tern
594 1247 693 1316 liberis,
711 1264 777 1316 quoe
795 1250 935 1316 genuisset
955 1249 1020 1319 ipsa,

111 1321 205 1375 uuum⁸
228 1335 381 1391 superesse;
400 1319 488 1389 ipsum
548 1335 622 1372 reurn
634 1317 755 1370 floruisse
766 1317 910 1386 paulisper,
926 1328 953 1372 ut
966 1334 1022 1370 cru·

110 1389 199 1444 delius
216 1399 305 1459 posset
321 1388 448 1456 extingui.
483 1387 526 1441 Ad
545 1387 669 1441 ultimum
684 1385 766 1439 dolori
781 1387 932 1457 succubuit,
944 1387 1020 1440 obvo

111 1458 218 1528 lutoque
230 1459 319 1529 capite
337 1457 490 1510 accidentes
507 1457 621 1535 genibus
639 1455 694 1508 suis
713 1463 821 1527 neptem
840 1465 1021 1526 nepotemque

110 1536 239 1594 aversata,
259 1527 317 1578 cibo
338 1527 434 1595 pariter
451 1525 578 1578 abstinuit
599 1533 627 1578 et
649 1524 719 1578 luce.
754 1523 860 1590 Quinto,
879 1535 1019 1595 postquam

110 1595 177 1648 niori
201 1603 337 1664 statuerat,
356 1593 401 1646 die
422 1593 539 1647 extincta
562 1602 611 1646 est.
647 1593 777 1662 Magnum
799 1593 923 1663 profecto
942 1594 1020 1648 Alex·

109 1663 191 1717 andro
210 1662 391 1732 indulgentiae
414 1663 441 1716 in
464 1678 526 1716 eam
549 1661 720 1732 justitiaeque
740 1661 767 1715 iu
786 1679 883 1716 ornnes
903 1665 1020 1734 captivus

110 1733 300 1787 documentum
321 1740 362 1784 est
384 1748 455 1784 rnors
478 1730 571 1801 hujus:
593 1747 745 1801 quaecum
767 1732 942 1786 sustinuisset
963 1741 1019 1804 post

111 1803 225 1856 Dareum
237 1801 337 1869 vivere,
349 1800 500 1855 Alexandro
512 1817 572 1854 esse
584 1809 719 1871 superstes
729 1801 844 1854 erubuit.

148 1876 187 1926 18.
208 1872 243 1926 Et
265 1870 382 1939 hercule,
406 1869 476 1941 juste
499 1869 702 1924 aestimantibus
724 1886 815 1938 regern
836 1869 931 1940 liquet,
953 1869 1019 1924 bona

109 1949 219 1995 naturae
231 1940 291 2010 ejus
302 1939 392 2009 fuisse,
406 1939 470 1992 vitia
482 1939 525 1992 vel
537 1938 664 2008 fortunae,
677 1937 719 1992 vel
737 1939 840 1993 aetatis.
877 1940 928 1992 Vis
940 1940 1018 1993 incre·

109 2011 198 2064 dibilis
220 2010 319 2078 animi,
345 2009 440 2063 laboris
462 2008 588 2079 patientia
629 2006 800 2078 repetundum
823 2009 926 2078 nimia,
951 2009 1019 2062 forti·

109 2080 172 2133 tudo
190 2095 241 2132 non
260 2079 330 2131 inter
345 2095 423 2147 reges
440 2077 518 2131 modo
537 2027 679 2144 exceliens,
693 2076 740 2129 sed
752 2077 820 2131 inter
832 2076 893 2131 illos
905 2095 1018 2149 quoque,

109 2164 222 2217 quorum
242 2146 310 2199 haec
330 2147 387 2198 sola
403 2147 486 2199 virtus
503 2147 567 2214 fuit;
587 2145 733 2200 liberalitas
753 2163 835 2217 saepe
855 2148 960 2217 majora
977 2149 1018 2201 tri·

108 2217 335 2285 buentis‚1qusm
354 2231 371 2266 a
390 2213 443 2267 diis
462 2224 601 2284 petuntur,
623 2215 766 2268 clementia
786 2217 813 2268 iu
834 2216 965 2286 devictos,
984 2225 1020 2269 tot
1084 2234 1087 2245 ⁴

110 2301 190 2354 regna
200 2291 246 2337 aut
259 2283 368 2354 reddita,
381 2283 477 2352 quibos
490 2300 522 2337 ea
534 2283 684 2355 dempserat
702 2283 780 2355 bello,
793 2293 839 2338 aut
851 2285 922 2339 dono
934 2286 997 2339 data
1003 2287 1020 2354 3⁸

139 2446 145 2468 ¹
158 2439 240 2488 When
253 2437 511 2506 Alexanderflmarried
526 2437 568 2485 the
584 2437 650 2486 elder
660 2438 778 2506 daughter
788 2437 815 2486 of
827 2437 929 2497 Darius,
942 2441 973 2489 he
984 2455 1018 2488 ar·

109 2514 151 2549 ran
169 2498 199 2546 sd
210 2498 261 2546 that
273 2497 439 2557 Hephaestion
449 2496 535 2545 should
546 2496 603 2545 take
614 2496 736 2556 Drypetrs,
749 2497 790 2545 the
801 2512 921 2558 younger,
935 2499 972 2547 ior
982 2499 1018 2547 bis

109 2558 140 2604 w'
151 2573 173 2606 e.
205 2557 255 2605 But
267 2556 432 2616 Hephaestion
442 2555 498 2604 died
508 2571 522 2603 a
532 2557 590 2616 year
599 2556 680 2603 before
692 2555 832 2604 Alexander
842 2565 866 2604 at
882 2557 1018 2614 Ecbatana,

109 2615 181 2664 aiact
192 2616 272 2664 which
283 2624 349 2664 must
364 2614 426 2662 have
441 2615 504 2662 been
515 2614 606 2662 related
617 2614 641 2660 in
652 2614 703 2662 that
715 2624 766 2675 part
778 2614 806 2664 oi
817 2615 866 2664 this
882 2616 952 2666 book
967 2632 1018 2678 pre·

109 2674 196 2734 ceding
206 2675 248 2722 the
260 2675 315 2722 llth
327 2674 433 2733 chapter,
446 2672 492 2720 and
503 2673 583 2720 which
594 2673 615 2720 is
626 2673 681 2721 lost.

136 2750 147 2775 ²
160 2745 225 2793 ‘She
236 2745 278 2793 ielt
289 2744 444 2806 persounlly.’

137 2815 201 2865 ’llis
212 2818 232 2864 is
243 2817 300 2867 here
312 2818 432 2879 emphatic
443 2817 478 2866 sor
489 2836 522 2866 eo.

136 2895 145 2918 ¹
156 2888 249 2957 Young¹
257 2891 360 2957 married
371 2905 467 2938 women
477 2905 504 2957 or
514 2890 614 2939 widows
625 2906 664 2939 are
675 2892 816 2940 sometimes
826 2892 907 2942 called
915 2897 1017 2957 puellae,

108 2947 196 3008 simply
207 2958 232 2995 to
243 2947 345 2997 iudicate
357 2949 408 2997 that
419 2949 477 3010 they
488 2965 527 2998 are
538 2967 618 3012 young
628 2964 731 2999 women.

139 3021 287 3083 ‘Respicere
303 3025 342 3068 ‘to
352 3022 410 3070 take
421 3023 573 3071 underone's
589 3024 722 3082 protection
731 3024 747 3082 ;’
760 3024 899 3084 equivalent
911 3035 938 3075 tc
949 3030 1018 3076 tueri.

136 3093 224 3142 ⁸'l'hat
240 3093 260 3141 is
278 3092 408 3151 Oxathres,
421 3095 503 3143 whom
514 3095 653 3145 Alexander
663 3096 710 3144 had
726 3096 796 3146 made
811 3112 857 3146 one
868 3097 897 3146 oi
909 3098 949 3147 his
964 3114 1020 3147 own

107 3153 180 3201 suite.
213 3152 260 3200 See
271 3152 311 3199 vii.
323 3154 360 3199 24.

137 3220 145 3284 f
157 3215 205 3265 We
216 3216 293 3278 might
304 3224 390 3276 expect
401 3218 517 3277 tribum,
528 3219 572 3266 but
588 3217 629 3266 the
645 3218 750 3279 genitive
766 3219 787 3269 is
802 3219 915 3271 likewise
932 3236 1016 3282 appro-

133 3283 212 3392 ”tlehc
221 3337 347 3406 participle
357 3337 417 3391 here
432 3340 541 3392 coruus
554 3340 599 3392 tue
612 3341 728 3404 minuunt
742 3343 838 3405 notion3
856 3345 965 3408 namely,
977 3345 1021 3396 the
