2274 3772
501 223 592 263 risen
612 224 640 264 v.
967 211 1021 266 117

117 329 192 384 urbis
215 331 345 400 exclusus,
366 332 515 385 consecutis
537 343 644 385 strenue
667 332 793 400 hostibus,
814 350 876 386 oum
900 334 1023 387 omnibus

119 399 199 468 fugae
217 401 359 454 comitibus
378 411 500 453 renovato
520 401 616 470 proelio
634 401 738 454 cecidit.
775 403 896 455 Craterus
908 419 1020 473 quoque,

119 469 212 538 raptim
224 471 331 538 agmine
343 478 409 539 acto,
423 471 580 538 supervenit.

156 543 195 590 17.
213 540 271 592 Rex
288 539 384 592 eodem
407 538 471 607 loco,
491 556 542 608 quo
566 539 679 592 bostium
699 540 789 609 copias
806 539 917 608 fuderat,
936 550 1022 594 castra

118 608 272 672 communit.
307 607 475 676 Quamquam
499 608 569 661 enim
594 607 710 678 undique
731 609 812 676 fugati
835 608 925 661 hostes
942 611 1020 662 victo-

119 676 184 728 riam
210 684 401 745 conceseerant,
424 685 512 728 tamen
537 677 669 746 praealtae
692 679 900 747 praecipitesque
924 678 1019 748 fossae,

118 745 240 814 pluribus
258 744 322 798 locis
340 745 468 814 objectae,
482 746 640 815 abruperant
660 746 716 815 iter,
731 747 882 815 sensimque
901 757 926 798 et
944 759 1021 799 caute

118 814 339 883 progrediundum
358 823 422 883 erat,
441 814 495 884 jam
517 832 566 866 non
588 814 710 884 hostium,
730 815 777 867 sed
795 815 909 868 locorum
928 814 1020 868 fraude

118 893 249 952 suspecta.
285 883 439 936 Procedenti
457 885 481 935 ei
501 883 602 935 litterae
623 884 766 936 redduntur
784 902 799 935 e
817 884 942 952 Tiridate,
962 902 1019 938 cus·

118 951 180 1004 tode
204 953 332 1021 pecuniae
357 953 451 1020 regiae,
472 953 624 1021 indicantes,
644 969 696 1022 eos,
716 954 762 1022 qui
784 953 810 1006 iu
834 952 899 1006 urbe
922 963 1017 1023 essent,

118 1021 209 1094 audito
228 1021 287 1090 ejus
299 1021 423 1089 adventu,
437 1021 550 1142 diripere
563 1021 631 1073 velle
650 1022 785 1074 thesauros
796 1022 919 1075 dimissos
928 1025 945 1074 :¹
964 1040 1019 1092 pro·

119 1098 221 1160 peraret
244 1106 389 1158 occupare:
414 1108 481 1158 expe
502 1092 566 1143 itum
588 1091 720 1158 iterasse,
739 1108 899 1160 quamquam
920 1094 1020 1144 Araxes

119 1159 205 1212 amnis
222 1159 361 1212 interfluat.
398 1160 504 1212 Nullam
520 1161 642 1212 virtutem
662 1161 730 1227 regis
748 1161 822 1212 istius
833 1161 925 1228 magis,
939 1179 1019 1229 quam

119 1228 292 1294 celeritatem,
316 1227 512 1281 laudaverimt²
541 1229 637 1281 relictis
665 1228 831 1298 pedestribus
854 1247 884 1280 co
904 1230 941 1296 iis,
968 1239 1020 1280 tota

118 1305 195 1350 nocte
207 1314 268 1349 cum
281 1298 421 1366 equitibus,
436 1299 534 1350 itineris
553 1308 623 1352 tanto
636 1299 719 1366 spatio
732 1298 854 1365 fatigatis,
867 1247 902 1348 ad
914 1299 1019 1350 Araxen

118 1366 203 1435 prima
222 1365 282 1418 luce
302 1366 430 1435 pervenit.
467 1366 524 1419 Vici
544 1377 617 1419 erant
640 1367 665 1418 in
689 1367 846 1446 propinquo:
868 1365 965 1435 quibus
982 1366 1019 1418 di-

61 1481 63 1485 .
118 1435 190 1503 rutis,
210 1444 325 1504 pontem,
344 1452 377 1487 ex
395 1436 507 1488 materia
525 1453 622 1501 eorum,
642 1435 755 1488 subditis
773 1435 850 1504 saxis,
864 1447 969 1487 strenue
981 1436 1018 1486 in-

117 1503 200 1556 duxit.
235 1505 347 1572 Jamque
376 1504 444 1557 haud
472 1504 561 1574 procul
584 1505 647 1558 urbe
672 1515 753 1573 erant,
773 1507 839 1558 'cum
868 1504 1019 1556 miserabile

116 1590 212 1641 agmen
237 1573 303 1643 inter
326 1575 419 1641 pauca³
441 1573 560 1626 fortunae
584 1574 707 1643 exempla
731 1573 939 1641 memorandum,
965 1574 1018 1640 regi

116 1642 235 1694 occurrit.
272 1642 374 1711 Captivi
391 1650 463 1694 erant
484 1643 578 1695 Graeci
598 1644 630 1695 ad
649 1652 769 1712 quattuor
788 1643 860 1695 milia
878 1643 941 1711 iere,
954 1658 1019 1710 quos

117 1711 212 1763 Persae
230 1713 301 1762 vario
321 1712 507 1781 suppliciorum
528 1712 605 1763 modo
626 1712 785 1766 affecerant:
810 1712 877 1764 alios
896 1710 1016 1780 pedibus,

117 1781 244 1848 quosdam
268 1780 390 1833 manibus
412 1781 570 1849 auribusque
590 1782 739 1849 amputatis,
760 1782 905 1848 inustisque
926 1779 1017 1831 berba-

117 1861 202 1901 rarum
222 1848 367 1901 litterarum
385 1849 460 1918 notis,
474 1849 499 1900 in
518 1849 625 1916 longum
644 1850 684 1901 sui
704 1848 857 1903 ludibrium⁵
870 1864 1017 1900 reservave-

116 1927 187 1970 rant:
213 1926 240 1971 et
264 1935 326 1970 cum
350 1935 378 1970 se
402 1934 507 1987 quoque
530 1917 634 1970 alienae
657 1918 767 1970 dicionis
790 1934 849 1968 esse
872 1925 1014 1985 cernerent,

115 1986 234 2039 volentes
254 1987 306 2054 regi
327 2003 463 2043 occurrere
484 2003 533 2037 non
554 1986 746 2055 prohibuerant.
782 1986 1017 2038 Invisitata'simu-

115 2055 205 2121 lacta,⁵
219 2073 268 2108 non
287 2055 410 2108 homines
421 2055 585 2123 videbantur,
601 2073 650 2107 nec
669 2055 810 2124 quicquam
830 2055 854 2107 in
873 2054 924 2106 illis
940 2071 1014 2123 prae-

114 2133 154 2176 ter
177 2141 284 2186 vocem.
300 2133 400 2195 poterat
429 2125 545 2192 agnosci.
581 2125 673 2177 Plures
695 2124 773 2192 igitur
801 2124 922 2176 lacrimas
946 2139 1016 2175 com·

114 2208 229 2262 movere,
250 2210 329 2263 quam
353 2193 520 2263 profuderant
544 2194 610 2261 ipsi:
636 2195 733 2262 quippe
755 2194 856 2245 intem
877 2192 1015 2260 multiplici

114 2262 238 2331 variaque
264 2263 367 2329 fortuna
391 2263 560 2330 singulorum,
581 2261 873 2315 intuentibus⁶·similes
897 2261 1013 2330 quidem,

115 2328 161 2382 sed
178 2342 265 2384 tamen
285 2330 405 2400 dispares
423 2348 528 2400 poenas,
542 2333 602 2398 quis
621 2333 739 2384 maxime
759 2330 916 2383 miserabilis
935 2339 1013 2396 esset,

114 2397 216 2466 liquere
236 2416 286 2451 non
306 2407 416 2467 poterat.
452 2399 486 2452 Ut
506 2416 566 2451 vero
587 2402 680 2459 Jovem
702 2400 737 2450 illi
759 2399 864 2450 tandem
887 2398 1015 2451 Graeciae

113 2463 226 2520 ultorem
243 2467 379 2536 aperuisse
391 2468 481 2519 oculos
496 2466 703 2534 conclamavere,
715 2484 809 2518 omnes
820 2467 876 2536 pari
889 2466 1015 2586 supplicio

113 2535 203 2588 affecti
233 2536 284 2589 sibi
309 2536 485 2589 videbantur.⁷
519 2537 575 2588 Rex
604 2535 736 2602 abstersis,
763 2551 830 2602 quas
858 2535 931 2602 profu
952 2544 1014 2603 erat,

112 2604 236 2673 lacrimis,
255 2605 353 2659 bonum
372 2605 471 2658 habere
496 2604 624 2656 animum,
640 2603 723 2672 jubet,
742 2603 842 2655 visuros
861 2603 937 2655 urbes
955 2620 1015 2655 suas

113 2674 308 2743 conjugesque:
328 2683 355 2726 et
367 2683 452 2726 castra
464 2672 525 2726 inde
537 2673 588 2724 duo
600 2672 635 2725 ab
649 2671 713 2725 urbe
725 2671 811 2724 stadia
822 2672 976 2724 communit.

162 2823 168 2844 ι
202 2819 207 2828 ·
313 2817 319 2839 t

138 2819 318 2925 lFiirlllrislile
327 2875 356 2924 of
362 2876 403 2924 the
413 2875 502 2935 perfect
514 2848 675 2934 subjunctive,
686 2890 728 2923 see
740 2875 837 2934 Zumpt,
851 2875 927 2926 §622

139 2941 149 2965 ⁸
161 2938 268 2995 ‘Among
276 2935 323 2983 few
331 2935 348 2992 3'
361 2936 413 2982 that
424 2935 452 2990 is,
467 2940 507 2982 ‘as
516 2935 581 2989 sew,’
591 2933 710 2981 therefore
720 2933 882 2993 ‘especially,’
893 2936 1013 2997 impressis.

111 2994 174 3064 This
185 2995 229 3063 isla
238 3010 349 3043 common
360 2993 430 3042 mode
440 2993 468 3040 os
479 2993 620 3052 expression
630 2993 689 3040 with
700 2992 762 3041 later
772 2992 844 3041 Latin
854 2993 960 3049 authors,
973 3003 1014 3041 not

111 3053 418 3193 wphgppqqoqmuaemem
431 3121 455 3157 to
463 3110 610 3160 themselves
618 3110 634 3166 ;’
647 3110 740 3167 thetis,
755 3115 794 3158 ‘to
801 3110 872 3159 make
880 3108 946 3169 sport
955 3109 1013 3157 with

109 3170 278 3290 >thilaligures
288 3244 315 3277 or
325 3229 410 3288 beings
421 3243 494 3275 never
504 3228 584 3297 before
596 3243 655 3298 seen
665 3230 698 3287 by
708 3227 794 3296 mortal
804 3227 866 3296 eye!

138 3294 147 3318 ⁸
158 3293 164 3314 ⁴
175 3289 214 3335 To
225 3288 294 3335 those
306 3287 361 3334 who
377 3287 465 3334 looked
481 3297 504 3333 at
520 3288 562 3334 the
579 3303 685 3348 mJunes,
698 3287 798 3343 similar,
812 3283 905 3340 indeed,
918 3285 961 3331 but
972 3294 1013 3344 yet

108 3346 229 3428 differeqt,
242 3347 260 3395 it
272 3346 344 3394 could
354 3358 395 3394 not
406 3347 436 3393 be
446 3346 530 3400 clear,'
544 3345 602 3404 &eq
614 3346 666 3394 that
678 3346 708 3402 is,
723 3345 754 3393 ‘it
765 3360 817 3393 was
833 3341 972 3402 impossible
988 3353 1014 3391 to

110 3405 245 3513 de'm‘d'i'hen
257 3463 319 3511 their
329 3463 459 3523 sympathy
471 3478 520 3511 was
536 3463 631 3512 excited
647 3472 672 3511 to
688 3461 750 3510 such
759 3442 885 3520 adamas.
893 3458 1020 3526 thathee}

109 3522 143 3571 all
153 3521 196 3571 felt
207 3538 234 3571 as
244 3521 266 3570 if
272 3522 332 3581 tbey
342 3521 490 3572 themselves
501 3522 550 3572 had
560 3523 704 3586 undergone
713 3519 809 3572 simulat
818 3515 993 3568 mufbsuousl
