2274 3772
489 179 582 220 mssa
600 179 643 218 tx.
959 160 1018 221 Μ

112 287 222 358 singulis
237 286 272 340 ad
290 304 365 356 spem
384 286 477 340 salutis
494 288 565 357 ipsos
581 287 708 357 proficere
731 288 919 357 credentibus,¹
936 304 1018 358 quan·

112 365 171 411 tum
187 357 288 410 itineris
305 355 455 410 festinando
474 357 664 426 praeciperent.
701 358 781 426 Igitur
798 358 845 427 qui
862 359 1019 412 defecerant

111 436 187 481 notos
204 427 358 495 ignotosque
376 434 405 478 ut
423 426 600 478 allevarentur
620 426 743 480 orabant:
762 429 809 480 sed
829 444 880 480 nec
898 427 1019 496 jumenta

112 505 194 564 erant,
212 495 310 564 quibus
332 495 421 564 excipi
443 501 556 564 possent,
576 504 603 548 et
626 495 707 549 miles
723 497 769 549 vix
792 513 866 549 arma
889 497 1017 565 portabat,

112 565 328 632 imminentisque
345 573 372 617 et
390 564 454 633 ipsis
473 564 558 617 facies
574 565 638 617 mali
656 575 717 618 ante
730 565 821 619 oculos
838 567 914 618 erat.²
950 567 1018 634 Ergo

112 635 218 703 saepius
230 634 352 700 revocati,
366 650 399 685 ne
412 634 542 702 respicere
554 633 663 702 quidem
675 651 737 687 suos
754 634 926 703 sustinebant,
940 636 1018 688 mise·

111 704 222 757 ricordia
234 703 261 755 in
274 701 442 755 formidinem
454 719 539 755 versa.
576 704 606 755 lll
623 704 709 756 relicti
726 704 791 756 deos
802 712 890 774 testes,
905 713 932 756 et
944 720 1019 757 sacra

111 773 270 838 communia,
285 772 405 840 regisque
425 771 599 841 implorabant
617 789 703 842 opem,
717 790 832 843 cumque
851 773 946 826 frustra
964 791 1018 826 sur·

111 843 161 895 das
184 857 264 893 aures
286 839 433 909 fatigarent,
455 842 481 892 in
506 840 607 893 rabiem
632 843 816 911 desperatione
833 843 903 896 versi
927 859 1018 911 parem

112 927 160 964 suo
172 910 281 979 exitum,
295 909 449 979 similesque
462 909 525 978 ipsis
539 910 641 963 cuncos
660 919 688 962 et
706 911 908 965 contubernales
928 928 1017 982 preca-

112 981 213 1034 bantur.
683 981 686 985 ’
807 1000 811 1007 ’

147 1055 190 1107 tt,
207 1049 272 1116 Rex,
285 1046 373 1100 dolore
385 1046 464 1100 simul
482 1063 516 1100 ac
532 1046 632 1116 pudore
644 1049 746 1118 auxius,
760 1049 823 1118 quia
835 1067 916 1103 causa
928 1059 1017 1103 tautae

112 1118 198 1170 cladis
216 1117 271 1184 ipse
289 1126 368 1185 esset,
381 1116 415 1169 ad
435 1116 650 1185 Phrataphernes
669 1117 874 1186 Parthyaeorum
896 1133 1017 1188 satrapen

114 1187 194 1254 misit,
206 1185 252 1254 qui
268 1185 373 1262 juberet
390 1185 501 1238 camelis
517 1193 593 1238 cocta
610 1186 711 1239 cibaria
729 1187 838 1240 afferre:
857 1189 923 1240 alios
941 1189 1017 1240 liniti·

112 1273 216 1308 marum
235 1255 369 1322 regionum
388 1254 536 1323 praefectos
553 1256 677 1308 certiores
688 1258 854 1309 necessitatis
866 1273 931 1309 suae
943 1257 1016 1309 fecit.

112 1325 138 1378 N
140 1341 172 1377 eo
183 1333 315 1377 cessatum
329 1331 369 1376 est
381 1322 416 1375 ab
428 1323 478 1375 his.
514 1323 607 1392 Itaque
626 1325 698 1378 fame
710 1325 858 1379 dumtaxat³
870 1326 1018 1378 vindicatus

112 1394 246 1446 exercitus
264 1392 372 1446 taudem
390 1393 416 1444 in
437 1392 577 1446 Cedrosiae
602 1393 670 1447 fines
695 1394 855 1463 perducitur.
891 1396 1017 1449 Omnium

113 1479 200 1516 rerum
212 1462 267 1515 sola
279 1461 373 1514 fertilis
384 1463 455 1530 regio
468 1464 527 1529 est,⁴
539 1463 565 1515 in
577 1479 630 1532 qua
648 1465 743 1519 stativa
754 1464 854 1534 habuit,
868 1473 896 1517 ut
908 1473 1018 1517 vexatos

113 1531 212 1585 milites
231 1532 320 1600 quiete
338 1531 462 1583 firmaret.
498 1531 548 1584 Hic
565 1532 691 1585 Leonnati
712 1533 812 1586 litteras
831 1535 943 1603 accepit,
956 1550 1017 1586 con·

112 1601 213 1654 flixisse
226 1601 312 1669 ipsum
324 1617 386 1653 cum
398 1609 457 1653 octo
470 1600 577 1654 milibus
584 1601 705 1670 peditum
715 1611 742 1654 et
750 1603 877 1655 trecentis
885 1604 1018 1673 equitibus

113 1671 262 1723 Horitarum
291 1686 412 1739 prospero
441 1678 548 1722 eventu.
594 1674 619 1723 A
642 1671 748 1724 Cratero
778 1687 882 1742 quoque
911 1673 1018 1726 uuutius

113 1740 192 1809 venit,
205 1739 304 1792 Ozinen
323 1747 351 1790 et
369 1739 528 1808 Zariaspem,
541 1738 642 1803 nobiles
657 1741 758 1810 Persas,
771 1741 951 1794 defectionem
963 1758 1017 1794 mo·

114 1809 209 1862 fientes
231 1824 369 1877 oppressos
391 1824 407 1859 a
430 1825 467 1875 se,
487 1807 512 1859 in
531 1808 642 1862 vinculis
665 1826 734 1860 esse.
771 1810 923 1879 Praeposito
941 1810 1018 1877 igitur

114 1879 212 1945 regioni
230 1876 342 1945 Sibyrtio
354 1878 481 1946 (namque
494 1876 593 1928 Menon
605 1876 754 1945 praefectus
773 1877 841 1947 ejus·
850 1895 934 1946 nuper
952 1879 1017 1931 inte·

114 1947 192 1998 rierat
210 1945 321 2014 morbo),
336 1946 362 1996 in
383 1944 550 1997 Carmaniam
570 1944 628 2014 ipse
646 1946 781 2013 processit.
817 1948 945 2015 Aspastes
963 1957 1018 1999 erat

113 2023 233 2083 satrapes
250 2016 344 2081 gentis,
357 2025 497 2080 suspectus
510 2030 551 2064 res
568 2029 667 2066 novare
680 2014 801 2084 voluisse,
815 2015 880 2067 dum
899 2016 924 2067 in
943 2017 1017 2068 India

115 2100 161 2136 rex
180 2085 240 2134 est.⁵
274 2083 361 2141 Quem
381 2090 570 2148 occurrentem,
590 2082 754 2136 dissimulata
773 2083 812 2136 ira
829 2084 940 2136 comiter
955 2085 1018 2138 allo·

113 2161 198 2274 gogus,
217 2150 281 2204 dum
299 2150 456 2220 exploraret*
468 2166 536 2220 quae
553 2151 643 2219 delata
659 2160 741 2221 eraut,
760 2153 788 2206 in
806 2152 902 2206 eodem
919 2154 1018 2208 honore

133 2222 215 2273 auit.

149 2295 191 2342 42.
210 2291 277 2343 Com
300 2289 362 2342 inde
385 2288 519 2358 praefecti,
537 2289 606 2342 sicut
624 2289 782 2360 imperatum
806 2303 870 2363 erat,
889 2308 1018 2361 equorum

113 2359 344 2430 jumentorumque
366 2358 503 2427 jugalinm⁷
520 2359 573 2411 vim
592 2360 726 2426 ingentem
745 2364 873 2431 exomni,
906 2378 957 2413 uae
968 2361 1018 2415 sub

116 2428 225 2498 imperio
236 2438 299 2496 erat,
313 2427 418 2495 regione
431 2427 573 2495 misissent,
586 2427 682 2496 quibus
693 2429 801 2482 deerant
818 2378 1016 2500 impehimenta,

116 2498 236 2551 restituit.
272 2499 354 2549 Arma
374 2513 477 2564 quoque
495 2496 530 2548 ad
548 2495 686 2565 pristinum
705 2497 804 2549 refecta
821 2508 881 2552 sunt
899 2499 1015 2552 cultum:

114 2567 212 2637 quippe
231 2565 300 2618 haud
314 2564 401 2635 procul
414 2583 430 2616 a
443 2565 549 2617 Perside
561 2564 679 2631 aberant,
691 2583 741 2619 non
760 2576 853 2635 pacata
871 2566 948 2620 modo
969 2568 1017 2621 sed

114 2637 196 2689 etiam
219 2635 352 2704 opulenta.
397 2634 483 2702 Igitur,
509 2642 537 2685 ut
566 2651 645 2704 supra
673 2635 772 2688 dictum
796 2646 844 2704 est,
868 2645 1018 2690 aemuatus

115 2705 199 2759 Patris
210 2705 298 2759 Liberi
315 2720 367 2756 non
383 2703 492 2772 gloriam
505 2702 598 2772 solum,
610 2720 692 2773 quam
711 2721 744 2757 ex
763 2703 814 2757 illis
831 2704 955 2773 gentibus
972 2706 1017 2760 de·

144 2820 214 2868 ¹‘All
230 2829 311 2881 (every
326 2819 403 2881 single
419 2825 514 2878 person)
532 2819 653 2880 believIng
668 2820 719 2868 that
738 2820 777 2867 the
794 2820 886 2870 further
901 2822 960 2883 they
975 2822 1016 2872 ed·

113 2879 215 2934 vanced,
227 2880 268 2927 the
279 2895 363 2927 nearer
374 2879 431 2938 they
442 2894 505 2926 were
517 2878 613 2939 coming
623 2889 648 2926 to
658 2894 705 2939 any
716 2879 777 2939 hope
787 2880 816 2928 of
826 2881 922 2941 sufety.'

142 2938 228 2986 '‘And
240 2939 280 2986 the
292 2939 370 2998 image
386 2937 414 2985 of
426 2937 467 2984 the
483 2937 605 2996 calumity‚
617 2937 698 2986 which
713 2937 856 2988 threatened
868 2940 1016 2989 themselves

114 2996 165 3046 also
176 3013 227 3044 was
238 2997 354 3057 boveriug
364 2995 444 3043 before
456 2996 518 3043 their
528 2997 603 3054 eyes’
930 3052 932 3057 ,

142 3056 197 3103 'As
208 3067 233 3104 to
243 3056 285 3104 the
296 3072 339 3104 use
350 3054 378 3103 of
389 3054 430 3101 the
442 3055 530 3103 adverb
541 3058 670 3111 dumtaxat,
682 3070 724 3103 see
736 3055 832 3116 Zumpt,
846 3056 859 3108 l
870 3062 922 3107 274.

142 3115 237 3163 “This
249 3116 269 3162 is
280 3115 321 3163 the
332 3113 390 3173 only
398 3112 491 3160 district
502 3121 543 3169 (on
553 3113 594 3161 the
604 3123 672 3162 coast
682 3114 711 3163 of
722 3114 763 3162 the
774 3115 859 3164 Indian
871 3117 926 3170 See)
937 3115 1016 3165 which

113 3174 134 3221 ie
144 3173 222 3222 fertile
234 3174 258 3222 in
268 3174 301 3222 all
311 3173 408 3232 things!
552 3188 554 3193 ·

142 3234 196 3280 *As
208 3243 232 3281 to
242 3237 298 3281 dnm
308 3231 368 3280 with
379 3230 420 3278 the
431 3239 526 3290 present
538 3239 616 3286 tense,
629 3245 670 3278 see
682 3230 763 3280 Graan
775 3232 789 3284 f
799 3236 851 3290 332,
864 3243 928 3282 note.

140 3291 208 3340 ‘For
217 3295 272 3340 dem
283 3292 342 3339 with
352 3290 394 3338 the
406 3289 567 3349 subjunctive,
580 3304 621 3336 see
635 3289 714 3338 Grom.
726 3290 740 3341 b
751 3293 802 3340 ³56.

141 3349 262 3399 '‘Beests
272 3351 301 3399 of
312 3349 417 3399 burthen
432 3347 524 3396 trained
535 3348 578 3405 to,’
591 3364 618 3396 or
631 3348 698 3398 ‘eblo
708 3359 735 3398 tc
744 3351 803 3399 beer
811 3350 853 3398 the
863 3350 946 3409 votes
959 3367 1024 3408 eme

113 3408 275 3470 jugsmsarre
281 3417 400 3473 poterunt.
