2274 3772
497 168 627 210 maner
736 211 740 215 ,
960 153 1015 211 113

116 277 176 330 Nec
194 275 221 329 id
239 276 416 330 miserrimum
432 275 541 330 fortibus
558 277 619 329 viris
636 284 699 347 erat,
716 276 762 330 sed
780 276 850 345 quod
868 276 942 329 inulti
960 276 1015 344 qui-

116 345 190 398 dem¹
208 344 323 398 ferarum
344 346 394 398 ritu
411 346 483 399 velut
506 346 532 398 in
556 347 632 398 fovea
654 345 812 415 deprehensi
833 346 1013 398 caederentur.

116 415 157 467 Ira
174 415 252 480 igitur
270 416 297 466 in
315 414 415 467 rabiem
432 432 516 484 versa,
536 414 681 467 eminentia
697 432 761 468 saxa
778 415 917 484 complexi,
934 423 962 466 ut
980 412 1013 466 ad

116 482 220 536 hostem
237 484 409 551 pervenirent,
428 483 495 536 alius
511 483 594 536 alium
611 483 731 536 levantes
747 483 907 536 conabantur
923 499 1015 534 ascen-

116 551 187 604 dere.
225 553 265 604 Ea
284 553 348 621 ipsa,
369 551 509 605 multorum
531 552 609 605 simul
627 552 751 605 manibus
770 562 887 621 correpta
908 561 934 604 et
955 568 1014 604 con-

115 621 198 690 vulsa,
212 620 238 673 in
251 637 304 690 eos,
317 621 362 690 qui
378 631 581 690 commoverant,
595 620 754 675 recidebant.
790 623 848 675 Nec
866 630 934 673 stare
953 637 1014 687 ergo

115 698 241 758 poterant,
254 707 304 742 nec
321 691 379 757 titi,²
396 707 428 743 ne
445 691 575 742 testudine
593 690 701 759 quidem
719 691 826 760 protegi,
846 707 907 743 cum
927 699 1014 742 tantae

114 758 190 811 molis
209 775 290 810 onera
308 759 482 828 propellerent
500 758 611 812 barbari.
646 760 747 826 Regem
768 777 818 812 non
838 759 909 812 dolor
928 759 1012 826 modo,

114 827 160 880 sed
181 829 263 880 etiam
283 828 364 897 pudor
382 836 482 881 temere
502 828 529 880 in
549 828 607 880 illas
626 831 760 896 angustias
778 828 867 898 ejecti³
884 828 1015 880 exercitus

114 896 236 964 angebat.
272 898 388 950 invictus
399 907 460 949 aute
471 913 532 950 earu
544 896 614 950 diem
627 896 719 966 fuerat,
732 897 798 950 nihil
814 896 907 950 frustra
919 913 1012 948 ausus:

114 965 223 1034 impune
246 966 354 1019 Ciliciae
377 965 470 1018 fauces
492 967 640 1034 intraverat,
660 984 733 1019 mare
751 983 854 1035 quoque
872 982 968 1018 novum
986 965 1014 1018 in

113 1033 300 1103 Pamphyliam
312 1035 360 1086 iter
370 1043 507 1104 aperuerat
515 1037 534 1086 :⁴
551 1045 612 1087 tuno
624 1034 770 1088 haesitabat
782 1034 946 1105 deprehensa
958 1034 1014 1086 seli·

113 1102 187 1170 citas,
206 1120 256 1155 nec
275 1103 346 1156 aliud
367 1102 513 1157 remedium
534 1112 597 1171 erat,
615 1121 695 1173 quam
716 1104 808 1157 reverti
827 1121 879 1172 qua
896 1111 1012 1157 venerat.

113 1171 204 1240 ltaque
217 1173 289 1240 signo
301 1173 418 1242 receptui
430 1172 498 1241 dato,
512 1173 627 1226 densatis
638 1173 778 1242 ordinibus,
792 1175 924 1241 scutisque
937 1189 1014 1242 super

113 1243 200 1309 capita
211 1241 343 1309 consertis,
357 1251 424 1294 retro
436 1242 549 1294 evadere
562 1259 596 1295 err
607 1243 735 1310 angustiis
745 1241 828 1312 jubet.
858 1242 928 1294 XXX
940 1240 1013 1293 fuere

114 1308 206 1379 stadia,
219 1327 288 1379 quae
301 1311 414 1363 remensi
427 1320 493 1363 sunt.

151 1383 188 1431 13.
207 1379 276 1432 Tum
289 1379 381 1432 castris
393 1380 509 1448 undique
520 1388 609 1448 aperto
622 1379 789 1450 locopositis,
802 1395 854 1432 non
866 1377 1013 1432 consultare

112 1448 191 1501 modo
208 1448 272 1516 quid
290 1448 423 1516 agendum
435 1456 513 1518 esset,
527 1448 574 1501 sed
587 1457 665 1502 vates
674 1465 776 1519 quoque
788 1448 915 1502 adhibere
927 1449 1013 1518 coepit
1095 1464 1100 1474 “

113 1516 323 1586 esuperstitione
334 1518 435 1570 animi⁵
469 1517 520 1570 Sed
534 1517 597 1588 quid
613 1526 670 1572 tum
687 1518 839 1588 praedicere
851 1516 1011 1586 Aristander,

113 1587 157 1639 cui
167 1586 310 1655 plurimum
322 1586 447 1640 credebat
458 1603 493 1640 ex
504 1586 616 1657 vatibus,
628 1588 748 1656 poterell
776 1587 870 1656 Itaque
881 1585 1014 1639 damnatis

111 1655 306 1724 intempestivis
331 1655 465 1715 sacrificiis
516 1657 595 1708 eritos
623 1656 739 1712 locorum
763 1657 900 1709 convocari
927 1655 1011 1725 jubet.

112 1724 162 1776 Per
178 1724 300 1778 Mediam
316 1724 366 1783 iter
382 1673 556 1778 ostendebant
576 1732 662 1779 tutum
684 1734 874 1796 apertumque:
899 1724 945 1778 sed
967 1742 1013 1778 rex

112 1793 233 1846 deserere
251 1793 350 1846 milites
367 1793 510 1864 insepultos
527 1793 708 1864 erubescebat,
726 1794 762 1847 ita
778 1794 872 1847 tradito
889 1810 962 1846 more
983 1802 1012 1846 ut

111 1863 158 1916 vix
177 1862 261 1915 ullum
280 1862 392 1916 militiae
413 1870 468 1916 tam
487 1861 626 1915 sollemne⁶
644 1871 714 1916 esset
736 1879 840 1932 munus,
861 1879 941 1931 quarn
963 1832 1012 1914 hu·

111 1931 202 1984 mandi
222 1948 290 1984 suos.
333 1931 457 2001 Captivos
476 1948 545 2000 ergo,
567 1947 632 2000 quos
654 1948 737 2000 nuper
755 1939 903 2001 exceperat,
925 1931 1012 1984 vocari

111 1999 201 2070 jubet:
221 2001 288 2053 inter
300 2017 366 2122 quos
377 2007 432 2054 erat
448 2000 692 2068 quidamGraeoae
709 2000 885 2069 Persicaeque
903 2000 1009 2068 linguae

112 2069 216 2139 peritus,
237 2069 280 2138 qui
311 2079 394 2123 rostra
413 2087 476 2122 eum
494 2069 522 2122 in
540 2069 677 2122 Persidem
696 2069 826 2123 montium
844 2069 920 2122 dorso
938 2086 1012 2123 exer·

111 2139 195 2191 citum
216 2135 313 2192 ducere
335 2138 464 2192 affirmat:
489 2138 623 2192 silvestres
645 2155 704 2192 esse
727 2138 817 2208 calles,
838 2139 883 2192 rix
902 2138 1012 2208 singulis

111 2208 215 2276 pervios
224 2223 232 2274 ;
250 2207 338 2260 omnia
355 2208 459 2276 contegi
477 2207 618 2276 frondibus,
637 2208 766 2279 implexos
785 2224 819 2262 ue
836 2207 959 2262 arborum
972 2225 1011 2260 ra·

112 2292 172 2328 mos
195 2275 273 2328 silvas
295 2277 481 2330 committere.⁷
514 2278 636 2346 Namque
658 2278 746 2330 Persis
764 2294 781 2330 e
818 2277 900 2330 altero
920 2277 1013 2329 latere⁸

112 2344 247 2466 pszgtuis
269 2345 398 2399 montium
426 2345 495 2414 jugis
516 2346 652 2417 clauditur,
676 2346 748 2416 quod
772 2347 799 2399 in
822 2344 1011 2414 longitudinem

190 2450 197 2480 ,
218 2412 244 2465 iu
263 2411 431 2467 latitudinem
449 2415 540 2469 CLXX
558 2415 644 2468 stadia
661 2414 795 2484 procurrit.
830 2415 888 2467 Hoc
904 2414 1012 2468 dorsum

142 2577 149 2601 ¹
161 2570 215 2618 The
223 2569 328 2618 addition
334 2570 361 2618 of
366 2569 413 2618 this
422 2569 544 2629 participle
552 2569 643 2630 merely
649 2569 708 2618 adds
716 2568 838 2628 emphasis
847 2578 872 2617 to
880 2569 921 2618 the
930 2571 1011 2620 inulti.

89 2648 94 2660 ·
141 2635 151 2660 ¹
163 2629 217 2676 ‘To
227 2628 319 2685 climb‚'
334 2633 372 2676 ‘to
383 2643 450 2687 press
462 2627 587 2687 upwards.’

141 2693 150 2718 ⁸
163 2688 284 2737 ‘Thrcwn
299 2702 327 2735 or
341 2687 423 2736 driven
433 2697 474 2736 cut
483 2688 499 2745 ;’
514 2687 615 2743 thrown,
628 2702 654 2734 as
665 2686 683 2735 it
694 2700 767 2744 were,
779 2685 804 2734 in
813 2686 854 2746 the
865 2701 920 2748 way
930 2687 958 2735 os
969 2688 1009 2738 de-

113 2747 237 2803 struction,
250 2745 296 2794 and
307 2743 358 2794 that
369 2754 409 2794 too
420 2747 452 2804 by
463 2743 500 2794 his
510 2745 577 2794 fault.

141 2811 150 2836 ⁸
160 2804 299 2857 Alexander
308 2804 356 2853 had
365 2804 478 2853 marehed
488 2804 559 2865 along
569 2804 610 2852 the
620 2812 686 2854 const
696 2802 757 2852 from
772 2803 882 2853 Phaselis
894 2813 920 2853 to
933 2805 1011 2868 Perga

113 2866 137 2913 in
153 2864 304 2972 Pamphplia,
321 2878 352 2911 an
366 2863 526 2924 undertaking
535 2862 620 2932 ,which
634 2878 685 2932 was
696 2862 843 2970 ,practicabla
857 2862 915 2932 only
925 2865 985 2913 with
995 2880 1011 2913 a

112 2924 182 2972 north
193 2939 241 2971 wru
259 2959 264 2970 .
295 2922 401 2971 Fortuna
412 2922 458 2971 had
469 2922 581 2972 favoured
591 2922 641 2971 hun
651 2937 675 2970 ru
686 2931 695 2969 t
713 2937 748 2971 is:
765 2921 812 2971 aud
827 2920 926 2972 Curtius
941 2933 1007 2973 must

112 2982 173 3032 have
184 2981 276 3041 spoken
286 2981 314 3029 of
325 2980 366 3030 the
376 2981 458 3029 march
468 2981 493 3028 iu
503 2981 540 3030 his
550 2980 639 3034 second
649 2978 721 3029 bools

141 3046 168 3147 '1‘
176 3041 205 3089 In
215 3054 379 3099 consequence
390 3039 417 3088 ol
428 3039 594 3099 superstitious
604 3039 753 3100 prejudicat
781 3039 828 3089 See
838 3039 918 3090 Gran.
930 3039 1005 3096 iwl,

111 3115 135 3147 n.
164 3137 170 3148 .

139 3164 148 3188 ⁸
159 3159 274 3207 Sollemne
283 3172 339 3217 may
349 3172 419 3206 mean
431 3156 545 3206 ‘solemn’
558 3157 629 3215 here;
644 3158 687 3213 but
698 3172 736 3206 wa
746 3156 816 3207 think
825 3156 943 3206 themora
953 3171 1006 3216 pro·

111 3216 181 3264 bable
192 3216 303 3276 meaning
313 3225 339 3262 to
349 3217 380 3264 ba
394 3217 524 3264 ‘constant’
537 3230 565 3264 or
576 3215 700 3276 ‘regulan'
941 3274 942 3277 Ἴ

139 3280 147 3302 ¹
161 3275 239 3322 ‘That
252 3275 292 3323 the
303 3274 397 3334 boughs
407 3274 435 3322 of
446 3274 487 3322 the
503 3285 566 3323 trees
576 3289 640 3324 wera
650 3289 736 3325 waren
749 3274 801 3325 into
815 3273 875 3325 sach
889 3271 967 3331 other,
978 3287 1007 3323 so

110 3349 136 3381 as
148 3341 172 3380 to
183 3333 242 3383 form
252 3349 298 3382 one
308 3334 489 3394 uninterrupted
499 3333 588 3382 forest.¹

138 3397 146 3422 ⁸
158 3391 263 3449 Thetis,
275 3392 316 3440 the
327 3401 397 3441 wast.

211 3455 227 3504 8
541 3454 580 3505 :a
