2274 3772
106 144 169 202 m·
374 157 413 197 mr
437 156 544 198 casare
565 155 747 198 aunuum.

107 268 204 335 oritur3
222 265 404 336 paulatimque
421 264 530 318 liberius
547 264 620 318 dolor
637 264 713 331 erigi¹
727 261 828 341 coepit,
847 261 1029 316 manantibus

108 336 231 404 lacrimis,
250 335 318 388 adeo
341 347 371 386 ut
395 352 448 401 rex,
468 336 506 387 ira
522 336 548 386 in
572 333 779 387 misericordiam
798 348 889 398 versa,
912 349 950 384 ue
974 331 1029 400 ipso

107 407 216 475 quidem
229 421 392 474 quamquam
403 419 520 472 cuperet,
534 413 683 472 temperare
695 401 790 454 cottiis²
802 402 937 469 potuerit.

146 479 185 526 12.
199 474 320 527 Tandem
333 474 455 526 universa
466 475 588 525 contione
600 471 711 524 effusius
723 470 814 538 flente,
824 470 942 523 Coenus
950 486 1034 523 ausas.

108 552 149 596 est
169 542 355 596 cunctantibus
373 543 477 609 ceteris,
497 543 603 610 propius
621 538 733 592 tribunal
751 538 897 606 accedere,
920 539 1032 608 signifii·

108 629 173 667 cans
190 629 219 664 se
237 613 308 680 loqui
326 612 405 665 velle.
441 611 528 669 Quem
547 621 575 663 ut
594 610 684 663 videre
702 607 802 661 milites
821 608 1033 663 detrahentem⁸

108 681 216 751 galeam
239 682 319 751 capiti
345 681 395 751 (ita
421 682 492 733 enim
520 696 611 748 regem
635 678 734 746 alioqui
760 693 819 729 mos
844 678 912 746 est),
935 678 1035 732 hortari

109 760 259 820 coeperunt,
281 761 308 802 ut
331 766 442 803 causam
465 753 599 801 exercitus
621 756 720 815 ageret.
756 747 828 798 Tum
848 748 974 814 Coenus,
993 748 1035 802 Dii

128 820 272 886 robibeant,
287 821 378 888 inquit,
391 837 408 871 a
421 819 495 872 nobis
507 818 604 886 impias
616 825 735 882 mentes3
754 824 780 868 et
799 815 930 883 profecto
949 818 1036 885 probi·

109 837 182 943 ient.
219 888 295 942 Idem
306 889 412 941 animus
424 898 463 940 est
476 889 535 956 tuis,
550 889 594 956 qui
607 887 655 939 suit
667 901 773 953 semper
784 883 824 936 ire
838 901 897 952 quo
909 884 1036 955 jusseris,

109 975 235 1027 pugnare,
252 958 400 1028 periclitari,
420 958 546 1024 sanguine
565 966 650 1008 nostro
668 953 861 1006 commendare
879 957 1038 1022 posteritati

111 1037 185 1080 tuum
198 1045 303 1080 nomen.
336 1027 446 1079 Proinde
460 1025 481 1079 si
495 1043 655 1093 perseveras,
669 1025 786 1077 inermes
797 1038 913 1091 quoque
928 1037 960 1077 et
973 1025 1040 1079 trudi

111 1105 137 1149 et
150 1113 307 1163 exsangues,
322 1106 456 1164 utcunque
470 1095 516 1148 tibi
528 1095 600 1147 cordi
613 1108 660 1161 est,
673 1093 816 1162 sequimur,
832 1091 879 1143 vel
892 1095 1038 1148 ariteccdi·

111 1169 191 1220 mua⁴
226 1167 276 1219 Sed
299 1167 320 1218 si
340 1165 431 1217 audire
450 1165 491 1217 vis
511 1181 561 1217 non
582 1165 658 1217 fictas
678 1171 781 1214 tuorum
802 1160 934 1214 militum
949 1180 1038 1233 voces,

111 1252 205 1288 verum
218 1237 375 1289 necessitate
388 1234 481 1287 ultima
496 1251 642 1302 expressas,
657 1231 762 1301 praebe,
775 1247 886 1308 quaeso,
904 1234 1040 1301 propitias

111 1322 189 1359 aures
202 1305 345 1374 imperium
356 1314 436 1373 atque
449 1304 597 1371 auspicium
611 1300 911 1354 tuumconstantissrme
923 1303 1039 1371 secutis,

112 1382 139 1426 et
151 1391 310 1443 quocunque
323 1375 410 1442 pergis
422 1373 559 1427 secuturis,
596 1371 697 1438 Vicisti,
710 1386 764 1437 rex,
782 1369 981 1434 magnitudine
1001 1388 1040 1424 re·

113 1459 171 1494 rum
184 1459 235 1495 noa
247 1442 337 1495 hostes
350 1441 435 1508 modo,
445 1442 491 1493 sed
501 1443 583 1493 etiarn
592 1440 710 1493 milites.⁵
732 1438 867 1506 Quicquid
880 1441 1040 1495 mortalitas

112 1527 144 1562 ca
182 1519 329 1578 repeterat,
343 1510 521 1578 implevimus.
554 1511 924 1575 Emensismariaterrasque
935 1511 1041 1563 melius

112 1596 145 1633 aa
167 1580 195 1646 is,
206 1595 286 1646 quam
301 1578 400 1646 incolis,
410 1579 500 1630 omnia
512 1587 574 1630 nota
586 1586 654 1630 surrt.
685 1579 772 1631 Paene
785 1577 809 1628 in
823 1576 924 1628 ultimo
939 1578 1039 1632 mundi

112 1648 165 1701 fine
178 1647 366 1700 consistimus.⁸
399 1647 426 1699 ln
440 1647 523 1701 alium
535 1647 627 1699 orbem
640 1664 719 1715 paras
730 1648 775 1713 ire,
788 1658 814 1696 et
827 1645 939 1699 ludium
953 1665 1038 1716 quae·

114 1717 148 1769 ris
160 1717 232 1768 ludis
244 1733 349 1786 quoque
362 1717 493 1783 ignotam:
513 1717 581 1768 inter
599 1715 669 1768 feras
687 1725 878 1784 serpentesque
896 1715 1039 1785 degentes

114 1802 206 1839 eruere
225 1802 259 1838 ex
276 1785 387 1851 latebris
405 1795 431 1839 et
449 1786 584 1839 eubilibus
599 1786 657 1837 suis
674 1786 784 1854 expetis,
798 1793 826 1836 ut
845 1784 934 1853 plura,
949 1803 1037 1854 quam

114 1855 153 1908 sol
166 1855 247 1923 videt,
260 1856 370 1909 victoria
382 1856 486 1908 lustres.
522 1855 609 1923 Digna
620 1871 724 1923 prorsus
735 1853 860 1919 cogitatio
871 1854 969 1908 animo
981 1865 1037 1923 tuo,

115 1924 160 1978 sed
175 1924 250 1976 altior
263 1937 357 1977 nostro.
383 1926 473 1977 Virtus
485 1926 556 1977 enim
570 1936 616 1976 tua
628 1941 733 1991 semper
747 1924 770 1974 in
786 1924 956 1977 incremento
966 1925 1037 1994 erit,²

115 2009 202 2046 nostra
214 1995 255 2046 vis
266 1994 322 2064 jam
335 1996 359 2046 in
372 1995 425 2047 fine
438 2005 486 2046 est.
518 1996 621 2046 Intuere
633 2010 740 2060 corpora
753 1993 906 2061 exsanguia,
921 2002 962 2046 tot
977 2012 1037 2063 per·

115 2063 185 2115 fossa
204 2063 363 2131 vulneribus,
385 2075 422 2115 tot
441 2064 606 2116 cicatricibus
625 2063 730 2130 putria.⁸
764 2063 824 2114 Jam
845 2061 900 2113 tela
921 2061 1037 2116 hebetia

116 2140 191 2183 sunt:
210 2131 266 2199 jam
277 2149 352 2183 arma
364 2133 498 2184 deficiunt.
535 2133 643 2184 Vestem
659 2132 792 2182 Persicam
808 2131 957 2199 induimus,
972 2134 1038 2201 quia

116 2200 263 2252 domestica
282 2200 394 2252 subvehi
414 2218 463 2251 non
517 2208 576 2251 test.
613 2200 642 2251 ln
655 2211 792 2252 externum
804 2201 1039 2266 degeneravimus

116 2269 227 2321 cultum.
264 2268 348 2326 Quoto
360 2269 468 2338 cuique⁹
489 2269 560 2321 urica
573 2269 632 2320 esti
651 2270 711 2336 quis
728 2285 827 2337 equum
845 2269 951 2322 habeat
970 2272 1039 2340 jube

117 2403 191 2448 every
202 2403 247 2435 one
259 2386 294 2434 lor
305 2386 406 2435 himself
412 2403 418 2443 ;
437 2387 453 2434 it
471 2389 503 2447 by
514 2403 545 2435 nc
561 2403 645 2435 means
656 2387 803 2447 necessarily
813 2386 926 2447 signifies
942 2405 977 2438 an
995 2407 1039 2441 ex·

117 2446 265 2507 pressiones
277 2446 433 2505 displeasure.

147 2513 154 2534 ¹
164 2507 187 2552 A
199 2505 292 2554 natural
303 2506 442 2564 mesaphar:
463 2512 503 2553 ‘to
513 2508 543 2553 be
555 2505 632 2553 raised
644 2506 739 2566 upright
748 2507 765 2563 ;’
777 2505 891 2565 meaning
908 2506 982 2566 here,
999 2515 1042 2559 ‘to

118 2566 225 2612 increase
237 2565 284 2612 and
295 2567 394 2612 become
406 2581 471 2613 more
482 2565 610 2612 manifest.'

146 2623 222 2703 ’ΠΙνό
237 2623 298 2670 have
315 2624 355 2671 the
372 2625 498 2672 command
514 2623 542 2671 of
554 2624 591 2671 his
608 2625 691 2684 eyes;’
705 2624 755 2671 that
767 2624 797 2679 is,
813 2628 853 2670 ‘tc
869 2625 980 2675 restrain
998 2628 1041 2678 hia

118 2690 190 2729 tears.

147 2741 202 2786 ⁸Ae
214 2749 238 2786 ta
249 2740 290 2788 the
299 2740 427 2790 difference
436 2744 549 2789 between
562 2741 635 2801 Quem
645 2745 723 2790 videre
733 2745 888 2789 detrahentem
897 2743 948 2791 and
961 2744 1044 2806 Queat

119 2801 197 2847 uidere
207 2801 332 2855 detrahere,
346 2817 387 2848 see
400 2801 497 2860 Zumpt,
511 2801 524 2852 b
536 2805 586 2848 636.

148 2862 156 2884 ⁴
168 2863 173 2882 ‘
184 2856 219 2903 Or
227 2872 257 2962 {a
266 2872 296 2904 on
307 2859 404 2906 before?
423 2861 477 2907 The
487 2862 607 2920 sequimur
614 2859 634 2906 is
644 2872 684 2906 nct
694 2859 812 2907 sufficient
822 2858 858 2906 for
865 2859 907 2906 the
918 2863 1041 2924 speaker,

120 2919 162 2965 but
174 2916 204 2962 he
216 2931 229 2961 a
247 2915 274 2962 ds
286 2920 322 2964 uel
331 2921 486 2966 antecedimus
498 2919 534 2965 sor
544 2919 673 2977 emphasis.
706 2919 752 2966 See
765 2919 862 2977 Zumpt.
876 2918 955 2969 i336.

149 2976 190 3022 Ἀ
204 2973 250 3021 line
262 2977 415 3042 enpression:
437 2979 508 3024 ‘thou
525 2978 578 3024 haar
595 2977 730 3036 conquered
747 2992 808 3024 even
825 2976 892 3025 thine
909 2994 971 3028 own
987 2983 1043 3032 eol·

120 3033 313 3140 ἀίετιεώῑὴέῑίιεῖ
330 3035 478 3084 ‘exhausted
489 3037 551 3084 their
562 3036 688 3098 strength.’

148 3100 156 3124 ⁸
220 3109 233 3140 e
262 3102 302 3139 at.

149 3157 157 3179 ¹
168 3152 216 3199 We
228 3168 271 3200 use
282 3152 378 3212 exaerly
389 3152 429 3199 the
446 3170 512 3201 same
526 3154 596 3202 mode
607 3153 635 3201 of
646 3155 799 3214 expression:
819 3153 884 3202 ‘will
895 3153 995 3218 always
1008 3160 1043 3210 ba

119 3226 151 3259 on
162 3211 202 3257 the
215 3211 338 3259 increase)

149 3275 157 3298 ⁸
169 3271 193 3316 A
205 3286 258 3318 sear
269 3270 298 3326 is,
311 3286 337 3318 as
350 3270 455 3339 inurere,
465 3286 479 3318 a
489 3271 620 3333 putrifying
636 3281 688 3331 part
703 3275 732 3321 of
742 3272 784 3320 the
799 3271 872 3331 body.
886 3273 945 3331 aad,
961 3275 1016 3327 like
1027 3294 1045 3329 a

120 3327 192 3376 black
203 3339 257 3387 spot
268 3345 298 3376 an
310 3345 324 3376 a
334 3329 399 3385 lrurt,
412 3345 426 3376 a
437 3345 490 3390 sign
502 3331 553 3378 that
565 3332 702 3390 corruption
712 3333 733 3379 is
744 3333 773 3379 be
791 3331 881 3391 inning.

149 3391 158 3416 '
171 3387 249 3436 ‘How
261 3387 308 3438 few
319 3404 359 3439 are
370 3388 438 3439 there
449 3404 540 3451 among
547 3405 579 3438 us
588 3389 624 3438 all
631 3390 766 3449 possessed
773 3404 789 3434 o
806 3398 876 3434 scats
884 3389 1008 3443 atmdxtr’
