2274 3772
129 192 189 249 816
399 210 437 250 uu
461 211 568 252 Glsuls
590 213 774 253 susxrrruru.

129 318 300 389 prohiberet.¹
346 316 400 373 Sed
428 320 576 390 precarium
606 322 779 390 spernebetur
808 322 967 392 imperium.
1006 326 1051 380 Ao

128 390 245 510 primum
264 389 379 459 ejulatus
397 389 424 443 in
444 408 492 443 ens
511 390 680 460 ploratusque
700 400 839 445 renovatus
855 395 916 446 ast:
943 394 1048 448 deinde

140 459 210 510 uturi
234 460 383 529 expectatio
407 460 432 511 in
456 460 526 513 'bitis
548 460 665 513 lacrimis
688 461 823 515 silentium
846 461 923 516 fecit.
972 464 1048 519 Tum

128 527 263 597 Perdicca,
283 530 354 598 regia
372 529 439 582 sella
457 529 484 582 in
502 539 675 598 conspectum
694 531 765 600 vulgi
783 531 852 602 data,
867 533 894 586 in
913 549 968 602 qua
988 533 1047 587 dia·

128 596 209 650 dama
233 602 367 668 vestisque
388 598 534 653 Alexandri
557 616 619 652 cum
642 601 725 653 arinis
748 609 829 668 erant,
850 602 967 656 anulum
992 603 1046 658 sibi

128 667 213 736 pridie
234 668 359 722 traditum
378 686 395 720 a
415 686 477 738 rege
498 669 524 721 in
545 668 642 722 eadem
661 669 725 722 sede
744 671 846 740 posuit;
864 689 983 741 quorum
1002 690 1045 726 as·

163 746 207 790 ctu
226 755 314 792 rursus
331 739 437 792 obortae
455 737 578 791 omnibus
596 738 722 792 lacrimae
741 741 909 809 integravere
929 742 1042 796 luctum.

154 815 163 857 t
187 807 321 888 Perdicca,
347 809 403 877 Ego
427 807 544 878 quidem,
569 808 660 877 inquit,
681 809 870 879 anulumque
897 811 944 864 ille
967 813 1043 880 regni

127 884 208 944 atque
227 877 330 948 imperti
347 879 419 931 vires
435 878 573 946 obsignare
592 887 647 930 erat
665 877 763 949 solitus,
783 881 911 933 traditum
930 881 964 935 ab
983 881 1042 951 ipso

128 945 203 1016 mihi,
223 947 303 1001 reddo
321 948 405 1001 vobis.
441 948 566 1001 Ceterum
584 964 748 1016 quamquam
765 948 839 1001 nulla
856 950 952 1003 clades
969 950 1040 1022 huic,

127 1031 181 1084 qua
192 1015 283 1070 affecti
296 1035 396 1082 sumus,
410 1034 457 1086 par
475 1017 509 1070 ab
528 1015 602 1069 iratis
612 1018 664 1070 diis
681 1018 824 1086 excogitari
836 1030 934 1088 potest,
949 1031 1040 1075 tamen

127 1086 338 1154 magnitudinem
363 1104 458 1156 rerum,
479 1103 547 1156 quas
570 1088 632 1156 egit,
653 1087 816 1140 intuentibus
835 1089 948 1142 credere
970 1090 1039 1161 licet,

128 1161 229 1210 tantum
250 1158 335 1210 virum
354 1157 419 1211 deos
436 1156 655 1209 accommodasse
674 1156 752 1209 rebus
770 1156 905 1229 humanis,
927 1177 1041 1228 quarum

127 1234 197 1278 sorte
216 1227 356 1297 completa,
376 1227 428 1280 cito
449 1236 598 1296 repeterent
617 1243 682 1283 eum
701 1242 766 1279 suae
786 1227 882 1296 stirpi.²
928 1230 1040 1283 Proinde

127 1297 252 1364 quoniam
271 1296 336 1350 nihil
353 1296 424 1350 aliud
443 1313 477 1350 err
495 1311 527 1348 ec
545 1305 672 1365 superest,
709 1313 772 1349 uam
789 1297 860 1365 quod
880 1314 991 1369 semper
1007 1299 1040 1353 ab

126 1363 325 1420 immortalitate
349 1367 490 1434 seducitur,
515 1365 616 1436 corpori
640 1365 791 1434 hominique
815 1383 899 1436 quarn
924 1369 1039 1438 primum

124 1433 196 1504 justa
219 1436 360 1505 solvamus,
379 1435 450 1490 haud
468 1435 551 1503 obliti,
571 1436 596 1488 in
615 1451 668 1504 qua
684 1435 756 1503 urbe,
775 1435 932 1506 intorques
949 1440 1038 1509 simus,

126 1503 197 1572 quali
216 1505 339 1573 praeside
359 1521 391 1557 ac
412 1522 474 1572 rege
494 1505 606 1574 spoliati.
644 1503 824 1558 Tractandum
840 1516 890 1572 est,
910 1508 1038 1561 commili-

126 1579 208 1639 tones,
233 1573 463 1643 cogitandumque,
489 1584 518 1626 ut
541 1573 680 1627 victoriam
703 1583 806 1644 partam
831 1575 902 1628 inter
926 1577 983 1647 ho's,
1006 1577 1037 1630 de

125 1641 223 1712 quibus
235 1650 309 1712 parta
320 1644 370 1712 est,
380 1642 499 1707 obtinere
508 1643 648 1712 possimus.
678 1643 769 1714 Cupite
781 1660 848 1712 opus
860 1657 913 1699 est.
940 1647 1037 1700 Hocine

126 1727 187 1778 uno,
200 1711 385 1782 au.pluribus,³
396 1712 423 1765 in
435 1721 523 1765 vestra
536 1721 668 1782 potestate
681 1722 730 1767 est.
766 1713 834 1766 Illud
844 1715 1035 1785 sciredebetis,

125 1781 269 1835 militarem
281 1782 339 1835 siue
350 1783 420 1835 duce
432 1781 537 1835 turbam
550 1798 645 1851 corpus
656 1796 716 1836 esse
729 1782 786 1835 siue
798 1783 904 1852 spiritu.
943 1786 1036 1839 Sextus

126 1853 226 1905 mensis
249 1863 297 1923 est,
323 1869 358 1905 ex
380 1868 433 1921 quc
455 1850 562 1906 Roxane
589 1869 738 1922 praegnans
764 1860 820 1905 est:
851 1864 987 1924 optamus,
1010 1867 1036 1908 ut

125 1938 227 1975 marem
247 1923 368 1992 enitatur,
387 1921 464 1993 cujus
482 1936 591 1989 regnum
610 1923 663 1974 diis
680 1922 894 1990 approbantibus>
908 1924 1034 1993 futurum,

125 1993 285 2060 quandoque
303 1992 468 2045 adoleverit.⁴
503 1991 612 2044 interim
628 2009 646 2044 a
663 1991 760 2060 quibus
776 1992 832 2060 regi
845 1994 939 2047 velitis
957 1995 1034 2048 desti·

124 2069 195 2113 nate.
232 2062 307 2114 Haec
320 2062 452 2115 Perdicca.

160 2135 201 2180 20.
220 2130 290 2182 Turn
311 2129 457 2199 Nearchus,
478 2128 622 2183 Alexandri
642 2129 721 2183 modo
744 2131 906 2198 sauguinem
927 2150 960 2186 ac
982 2135 1035 2187 stir-

124 2215 186 2266 pem
200 2200 287 2266 regiae
306 2199 440 2267 majestati
460 2199 609 2268 convenire,
623 2201 767 2268 neminem,
780 2201 825 2269 ait,
840 2217 920 2270 posse
939 2204 1034 2257 mirari.

124 2269 249 2321 Ceterum
270 2269 405 2337 expectari
430 2269 548 2321 nonduin
572 2278 659 2322 ortum
683 2286 781 2338 regem,
803 2280 831 2322 et
855 2272 904 2340 qui
925 2272 981 2340 jam
1004 2274 1035 2326 sit

124 2338 266 2408 praeteriri,
289 2355 339 2390 nec
357 2337 455 2390 animis
476 2337 658 2390 Macedonum
677 2339 819 2391 convenire
848 2356 902 2394 nec
925 2342 1034 2412 tempori

124 2425 221 2461 rerum.
259 2409 325 2461 Esse
338 2424 353 2459 e
366 2408 485 2460 Barsine⁵
497 2407 581 2460 filiurn
595 2409 678 2476 regis:
693 2407 755 2460 huic
767 2379 895 2462 diadema
908 2411 1034 2465 dandum.

123 2479 197 2531 Nulli
218 2479 340 2546 placebat
360 2477 451 2529 oratio.
488 2478 580 2545 Itaque
601 2494 649 2530 suo
669 2494 743 2529 more
763 2476 847 2530 hastis
868 2494 949 2533 scuta
973 2499 1034 2551 qua·

123 2549 230 2601 tientes⁸
252 2549 403 2617 obstrepere
424 2546 637 2616 perseverabant.
657 2547 788 2616 'Jamque
808 2564 891 2617 prope
912 2550 948 2603 ad
969 2551 1035 2604 sedi·

123 2617 222 2670 tionem
235 2624 416 2686 pervenerant,
430 2616 552 2669 Nearcho
570 2615 737 2684 pervicacius
756 2626 845 2669 tuente
864 2621 1034 2674 sententiam.

123 2685 192 2738 Tum
224 2687 383 2756 Ptolemaus,
409 2686 494 2754 Digna
517 2702 621 2755 prorsus
644 2694 686 2738 est
709 2686 821 2756 soboles,
845 2687 942 2759 inquit,
968 2706 1035 2760 quae

151 2840 158 2863 ¹
172 2834 271 2882 ‘When
289 2837 349 2891 (that
365 2837 394 2892 is,
415 2834 565 2896 ‘although')
582 2836 621 2882 the
638 2835 720 2884 herald
742 2835 820 2885 called
839 2852 871 2896 up
889 2839 962 2888 those
978 2858 1032 2890 cou-

121 2894 252 2953 cernedhy
264 2911 343 2952 name,
357 2896 403 2943 and
415 2895 510 2943 refused
522 2911 605 2942 access
617 2904 642 2942 to
654 2895 694 2942 the
706 2895 805 2942 others’

149 2965 160 2990 ²
172 2966 177 2986 ¹
187 2959 252 3006 That
263 2959 321 3018 they
333 2961 410 3020 might
421 2961 492 3008 claim
504 2961 553 3008 him
565 2960 601 3008 for
611 2961 674 3008 their
684 2977 740 3008 own
751 2961 823 3010 race’

148 3029 158 3052 ³
168 3023 283 3071 Pluribus
295 3023 369 3071 refers
380 3034 405 3071 to
416 3025 457 3073 the
469 3024 597 3084 preceding
605 3026 691 3086 capite:
708 3025 891 3077 ‘whetherthis
903 3029 968 3080 head
978 3033 1000 3081 is
1011 3043 1035 3081 to

120 3084 150 3130 be
161 3100 207 3130 one
219 3098 245 3131 or
257 3097 322 3130 more
334 3082 435 3139 (hands),
449 3085 469 3130 is
480 3085 505 3130 in
517 3099 577 3143 your
587 3085 686 3142 power.¹

148 3155 157 3176 ⁴
171 3149 316 3209 Quandoque
323 3146 361 3195 ‘for
372 3143 563 3208 quandocauqt're.
595 3148 641 3195 See
652 3148 750 3207 Zumpt,
763 3147 777 3200 b
788 3152 840 3198 288.

149 3220 156 3243 ⁵
167 3212 267 3260 Barsine
280 3227 329 3258 was
340 3211 381 3259 the
393 3211 480 3259 widow
491 3212 519 3260 cf
530 3212 571 3259 the
588 3212 689 3260 Persian
705 3212 862 3261 commundat
872 3214 1033 3267 Memnonos

120 3270 228 3326 Rhodes,
241 3271 288 3318 and
299 3269 439 3330 adaughter
449 3271 478 3318 of
489 3272 529 3319 the
542 3271 643 3319 Persian
654 3272 798 3320 Artabazus.
813 3299 816 3302 ⁴
830 3273 878 3321 See
891 3276 925 3324 iii.
938 3281 976 3326 35.

110 3397 115 3406 Ι
141 3342 151 3367 ⁸
162 3335 314 3424 Equipaleut
324 3344 351 3387 to
361 3336 528 3394 concutientes,
535 3337 659 3398 fatentes,
671 3340 711 3384 ‘to
721 3335 798 3385 shake
809 3351 825 3385 a
835 3337 908 3402 thing
919 3341 952 3402 by
961 3341 1033 3391 strilr·

106 3409 188 3462 rugat
199 3409 228 3450 rt.
