2274 3772
114 124 152 179 92
378 142 417 179 ne
442 140 548 181 oesrts
571 140 757 181 suaxsnmu.

114 267 159 318 pro
180 248 326 301 carissimis
348 249 501 317 pignoribus
520 266 628 319 corpora
647 248 813 317 opponimus.
850 248 931 308 Quod
955 268 1028 303 mea·

115 335 170 370 rum
184 317 232 369 fuit
245 319 375 386 partium,¹
389 318 542 386 exercitum,
556 336 637 388 quem
649 335 735 388 paene
748 318 885 371 immensa
902 318 1026 388 planities

113 388 157 439 rix
176 388 301 457 caperet,¹
312 392 478 456 comparavi:
498 405 587 457 equos,
601 404 675 440 arma
692 386 826 440 distribui:
847 400 1025 459 commeatus,

113 473 146 508 ne
165 465 252 508 tantae
270 457 430 509 multitudini
448 456 579 529 deessent,
593 456 709 527 providi:
730 456 825 526 locum,
840 458 868 510 in
881 474 938 526 quo
956 460 1026 513 acies

113 523 243 594 explicari
265 533 363 595 posset,
389 524 469 593 elegi.
512 527 605 578 Cetera
630 527 656 578 in
677 535 765 578 vestra
785 535 926 605 potestate
951 539 1024 582 suot:

112 594 210 647 audete
234 594 312 647 modo
332 596 446 663 vincere,
470 594 632 665 famamque,
657 595 872 649 infirmissimum
896 596 1027 651 adversus

113 662 193 716 fortes
205 665 274 715 viros
286 664 377 730 telum,
391 668 560 717 contemnite.

147 738 188 785 54.
207 733 365 785 Temeritas³
377 744 424 802 est,
438 750 518 802 quam
530 734 619 786 adhuc
632 749 676 803 pro
686 733 781 786 virtute
794 734 941 788 timuistis:
958 753 1026 807 quae

112 801 158 854 ubi
172 803 285 871 primum
298 803 427 871 impetum
440 802 541 872 effudit,
555 803 628 856 velut
639 803 771 872 quaedam
783 803 917 857 animalia
929 808 1026 859 emisso

112 872 205 923 aculeo
228 874 332 939 torpet.⁴
376 872 406 923 Hi
431 889 492 924 vero
515 873 603 942 campi
625 870 825 941 deprehendere
888 876 1025 944 ucitatem,

112 957 192 1009 quam
212 941 320 993 Ciliciae
340 952 443 993 montes
462 941 661 995 absconderant.
697 940 799 994 Videtis
816 958 845 994 or
866 944 929 996 ines
948 962 1025 1003 rama

112 1026 209 1062 cornua
232 1019 346 1079 extenta,
372 1010 490 1063 mediam
517 1013 604 1064 aciem
629 1028 732 1079 vanam,
757 1011 940 1067 exhaustam:
966 1032 1026 1067 nam

112 1078 207 1149 ultimi,
252 1096 298 1131 uos
321 1079 416 1132 locavit
439 1097 553 1148 aversos,
578 1090 651 1148 terga
675 1079 730 1149 jam
757 1080 899 1160 praebent.
936 1084 1026 1138 Obteri

112 1097 264 1202 mehercdh
278 1166 404 1218 equorum
417 1149 523 1215 ungulis
534 1159 650 1218 possunt,
660 1149 766 1203 etiamsi
777 1149 815 1202 nil
827 1160 939 1220 praeter
947 1154 1026 1207 falca-

112 1227 152 1271 tos
170 1236 260 1271 currus
278 1219 400 1270 emisero.
437 1219 469 1271 Et
487 1219 557 1271 bello
574 1220 722 1288 vicerimus,
737 1219 760 1271 si
775 1219 893 1273 vicimus
910 1223 1025 1291 proelio:

112 1305 175 1340 nam
195 1306 229 1340 ne
249 1288 301 1340 illis
318 1289 427 1356 quidem
447 1287 480 1339 ad
499 1288 589 1356 fugam
607 1287 682 1340 locus
699 1299 753 1341 est:
780 1288 843 1342 hinc
862 1290 1025 1362 Euphrates,

113 1356 182 1409 illinc
194 1358 279 1425 Tigris
291 1357 410 1425 prohibet
422 1357 556 1409 inclusos.⁶
592 1359 625 1411 Et
637 1374 706 1426 quae
717 1366 796 1409 antea
815 1375 860 1428 pro
875 1360 932 1414 illis
943 1372 1025 1430 erant,

111 1426 137 1478 in
161 1428 317 1479 contrarium
339 1443 415 1477 versa
438 1440 507 1478 sunt.
544 1429 669 1480 Nostrum
692 1427 790 1480 mobile
811 1438 839 1480 et
863 1430 1025 1499 expeditum

111 1511 207 1562 agmen
217 1504 264 1564 est,
276 1494 339 1547 illud
352 1494 449 1563 praeda
460 1514 550 1564 grave.
587 1496 739 1564 implicatos
750 1513 811 1565 ergo
824 1497 919 1567 spoliis
931 1502 1025 1553 nostris

111 1564 307 1632 trucitlabimus,
321 1564 470 1633 eademque
485 1583 525 1617 res
538 1574 564 1618 et
576 1582 659 1618 causa
670 1565 718 1617 erit
732 1565 855 1619 victoriae
868 1575 898 1621 et
912 1568 1024 1623 fructus.

110 1632 209 1691 Quodsi
226 1651 306 1703 quem
322 1634 425 1687 euobis
445 1651 540 1688 nomen
560 1634 646 1703 gentis
664 1644 760 1702 movet,
774 1635 881 1705 cogitet,
896 1638 1026 1693 Macedo·

110 1719 176 1755 num
189 1702 242 1755 illic
254 1720 327 1756 arma
339 1720 406 1773 esse,
421 1721 599 1773 concorpora.
635 1703 753 1758 Multum
772 1706 845 1757 enim
862 1709 1025 1776 sanguinem

111 1772 225 1825 invicem
244 1773 389 1844 hausimus,
402 1781 429 1824 et
441 1790 547 1842 semper
557 1774 659 1842 gravior
671 1774 698 1825 in
710 1774 843 1852 paucitate
854 1773 964 1845 jactura
975 1788 1023 1831 eat.

110 1843 181 1895 Nam
204 1842 364 1910 Alexander,
408 1852 608 1912 uantuscunque
632 1844 735 1911 ignavis
759 1853 785 1896 et
809 1844 915 1899 timidis
939 1846 1024 1899 videri

110 1919 202 1980 potest,
217 1930 297 1964 uuum
311 1859 409 1965 animdd
421 1925 468 1977 est,
483 1922 509 1965 et
521 1912 542 1965 si
555 1912 617 1981 quid
635 1904 701 1965 mihi
719 1913 834 1981 creditis,
848 1918 1024 1969 temerarium

109 1989 136 2032 et
157 1998 254 2049 vecors,
276 1981 363 2034 adhuc
386 1991 472 2033 nostro
495 1998 599 2051 pavore,
618 1999 700 2052 quam
722 1998 770 2034 sua
787 1982 885 2035 virtute
908 1983 1023 2038 felicius.

109 2049 182 2102 Nihil
206 2061 298 2102 autem
321 2059 406 2118 potest
430 2068 488 2102 esse
509 2051 671 2119 diuturnum,
693 2051 737 2104 cui
757 2069 808 2104 non
828 2052 925 2106 subest
951 2057 1022 2108 ratio.

109 2119 182 2170 Licet
192 2118 304 2170 felicitas
312 2119 428 2187 aspirare
438 2119 577 2190 videatur,⁸
590 2129 678 2173 tamen
691 2121 724 2172 ad
738 2120 862 2173 ultimum
876 2124 1022 2177 temeritati

110 2204 158 2238 non
172 2187 278 2240 sufficit.
315 2189 453 2240 Praeterea
464 2189 560 2242 breves
572 2198 599 2242 et
611 2191 753 2243 mutabiles
765 2191 837 2243 vices
850 2207 941 2246 rerum
954 2202 1021 2273 sunt,

109 2265 136 2309 et
155 2256 257 2309 fortuna
283 2275 420 2327 nunquam
440 2259 595 2326 simpliciter
613 2258 740 2328 indulget.
784 2259 904 2313 Forsitan
928 2262 968 2315 ite
986 2263 1021 2316 dir

109 2325 164 2379 fata
187 2327 241 2379 ordi
266 2336 401 2396 naverunt,
422 2337 451 2380 ut
474 2329 614 2381 Persarum
637 2329 787 2399 imperium,
807 2329 878 2398 quod
902 2332 1023 2387 secundo

108 2414 186 2450 cursu
210 2397 404 2467 perducentes
427 2397 532 2467 triginta
555 2415 639 2451 annos
663 2399 698 2453 ad
725 2414 861 2451 summum
884 2398 1023 2471 fastigium

109 2481 259 2536 evexerant,
273 2485 370 2536 magno
382 2476 455 2520 motu
468 2478 640 2521 concuterent
659 2468 752 2537 magis,
765 2485 847 2536 quam
859 2468 1024 2539 affligerem

108 2535 333 2607 admonerentque
346 2554 393 2589 nos
406 2537 555 2606 fragilitatis
569 2537 710 2606 humanae,
723 2536 801 2607 cujus
813 2537 896 2591 nimia
909 2539 939 2592 in
953 2557 1022 2611 pros·

109 2606 177 2672 peris
191 2605 269 2677 rebus
280 2607 377 2660 oblivio
389 2617 437 2659 est.
475 2607 556 2659 Modo
568 2606 678 2659 Graecis
691 2606 758 2660 ultro
769 2606 872 2660 bellum
881 2608 1023 2665 ,intereba-

138 2737 144 2758 ¹
160 2738 165 2756 ¹
175 2732 250 2779 What
262 2748 313 2780 was
324 2749 365 2792 my
376 2733 507 2787 business‚’
521 2750 547 2781 or
560 2740 615 2794 ‘my
625 2735 695 2783 shore
706 2733 734 2783 of
741 2736 782 2783 the
793 2735 870 2796 duty.’

136 2794 147 2818 ⁹
158 2795 164 2815 ⁶
173 2788 206 2857 So
214 2803 281 2851 great
290 2807 320 2838 an
329 2807 396 2851 army
403 2792 454 2839 that
463 2792 503 2840 the
513 2793 630 2842 immense
639 2793 704 2853 plain
711 2810 755 2843 can
761 2794 870 2854 scarcely
877 2798 979 2849 conten
987 2799 1021 2849 ia’

110 2848 165 2896 The
181 2849 306 2907 imperfect
322 2850 343 2897 is
359 2850 419 2898 used
435 2853 537 2899 because
550 2853 568 2900 it
579 2853 599 2900 is
611 2853 704 2901 viewed
716 2870 743 2901 as
753 2854 794 2902 the
806 2854 927 2904 intention
939 2857 970 2907 of
982 2859 1024 2909 tho

110 2907 1022 3039 lltrlltllttt}‘lllhlttltt‘llll‘ltt‘lln‘g’llttlthat·

472 3007 476 3016 ¹
642 3007 648 3027 t
693 3012 708 3032 e
879 2992 899 3031 e,
941 2993 959 3025 u
1014 3012 1022 3035 9

109 3025 361 3154 ΰῗὸίΟΪεροινεῐΙεεει)
414 3145 419 3154 ¹
587 3148 592 3158 Ι

138 3152 146 3176 ⁵
157 3144 256 3192 Curtius
268 3144 352 3192 makes
364 3143 450 3194 Darius
461 3147 537 3205 speah
548 3163 575 3195 as
586 3147 607 3195 if
614 3147 654 3196 the
665 3149 723 3197 field
733 3148 761 3197 of
766 3148 843 3197 battle
854 3148 896 3211 lay
907 3153 1025 3213 betm

109 3203 150 3252 the
162 3204 193 3251 Ti
212 3204 244 3252 ris
255 3203 301 3251 and
312 3203 352 3274 the
364 3203 402 3251 Eu
420 3205 514 3263 bmtes;
533 3208 641 3256 whereas
653 3209 671 3256 it
683 3225 733 3256 was
745 3209 840 3268 beyond
850 3211 913 3259 both
924 3212 1014 3265 rivers.

136 3268 145 3293 ⁸
157 3220 310 3312 Understand
322 3280 350 3311 er.
386 3220 506 3325 ‘fhough
517 3264 610 3314 fortune
622 3282 703 3316 seems
714 3277 739 3316 to
751 3268 850 3316 breathe
865 3284 935 3330 upon
951 3272 1022 3325 him·

108 3321 131 3370 A
166 3324 209 3370 ‘rot
220 3320 357 3382 equivaleot
369 3332 393 3370 to
402 3324 480 3384 favet.

132 3339 241 3430 'R'Doeh
252 3392 278 3430 to
288 3380 329 3429 the
340 3381 450 3443 ground.¹
