2274 3772
496 184 588 223 arsen
608 182 635 223 v.
963 166 1019 223 181

111 287 247 344 hominem
266 291 391 344 mercede
411 292 570 346 conductum
589 292 678 346 omnia
701 291 800 348 habere
819 292 937 345 venalia:
963 290 1022 343 siue

111 359 226 429 pignore,
247 361 304 413 siue
325 361 399 431 lare‚¹
419 371 546 415 terrarum
566 361 637 414 orbis
659 362 775 431 exulem,
795 362 941 428 ancipitem
960 361 1021 412 hos·

111 430 186 498 tem,²
199 429 233 482 ad
246 439 339 484 nutum
352 432 490 484 licentium
508 430 690 484 circumferri.³
724 431 848 498 Purganti
866 429 965 480 deinde
982 445 1020 498 se,
1101 434 1103 439 “

111 497 229 568 deosque
247 501 344 568 patrios
361 509 443 553 testes
461 500 523 553 fidei
542 517 606 552 suae
624 500 755 553 invocanti
768 501 870 553 Dareus
888 497 962 550 vultu
980 512 1021 547 as·

111 567 280 638 sentiebatur,
304 569 375 622 haud
395 569 492 622 dubius
512 571 577 638 quin
596 587 659 622 vera
678 569 843 622 deferrentur
860 584 877 619 a
897 565 1020 633 Graecis3

111 636 158 690 sed
179 654 211 689 eo
232 656 319 691 rerum
343 650 453 692 ventum
472 650 535 708 erat,
558 648 586 692 ut
607 650 661 691 tam
680 639 858 719 periculosum
878 645 949 689 esset
969 651 1021 687 uon

111 704 220 759 credere
244 709 307 776 suis,
326 725 408 777 quarn
432 709 529 777 decipi.
564 708 636 760 XXX
653 709 729 762 milia
747 717 828 777 erant,
850 722 963 775 quorum
983 704 1021 756 iu-

110 775 207 828 olinata
225 777 251 829 iu
273 777 361 831 scelus
379 778 475 830 levitas
495 778 652 831 timebatur:
676 778 713 830 IV
732 778 806 830 milia
826 777 920 829 Patron
939 774 1021 827 habe·

110 844 172 914 bat3
196 847 291 914 quibus
314 849 336 899 si
356 847 513 900 credidisset
532 848 646 899 salutem
666 864 749 916 suam,
771 846 896 899 damnata
913 843 1021 914 popula·

111 914 180 967 uum
204 915 264 984 tide,
286 917 424 985 parricidio
448 917 647 969 excusationem
665 916 773 969 videbat
792 915 889 968 offerri.
926 915 1020 982 ltaque

110 984 283 1107 ppaeoptabat
294 986 434 1055 immerito,
448 1003 527 1055 quarn
546 985 604 1055 jure
616 986 716 1038 violari.
753 986 833 1038 Besso
850 995 941 1037 tamen
959 983 1021 1036 insi·

131 1053 215 1111 'arum
239 1055 380 1107 consilium
402 1058 533 1124 purganti⁴
555 1056 697 1125 respondit,
722 1054 867 1108 Alexandri
890 1053 941 1106 sibi
969 1069 1021 1105 non

110 1121 200 1177 miuus
210 1122 346 1194 justitiam,
360 1141 440 1193 quem
456 1126 588 1194 virtutem,
602 1143 661 1177 esse
673 1134 850 1194 perspectam.
887 1123 955 1176 Falli
967 1138 1020 1190 eos,

110 1191 156 1263 qui
178 1193 330 1261 proditionis
351 1195 386 1246 ab
409 1211 441 1247 eo
464 1195 611 1264 praemium
635 1204 791 1263 expectent:
820 1194 934 1246 violatae
958 1191 1021 1244 fidei

110 1262 246 1315 neminem
258 1264 384 1316 acriorem
403 1264 458 1317 iore
470 1263 615 1317 vindicem⁵
631 1264 804 1332 ultoremque.
839 1264 952 1330 Jamque
971 1278 1022 1314 nox

110 1333 260 1401 appetebat,
274 1349 337 1385 curn
354 1333 450 1386 Persae
468 1350 541 1387 more
559 1333 642 1400 solito,
661 1335 743 1386 armis
760 1333 858 1403 positis,
877 1333 911 1385 ad
930 1348 1022 1383 neces·

111 1401 181 1453 saria
198 1418 232 1453 ex
249 1402 367 1470 proximo
385 1403 442 1456 vico
460 1402 570 1456 ferenda
587 1404 744 1457 discurrunt.
779 1404 815 1456 At
833 1401 973 1470 Bactriani,
992 1409 1021 1452 ut

111 1472 269 1538 imperatum
281 1489 298 1523 a
309 1472 390 1524 Besso
403 1480 466 1541 erat,
480 1474 574 1525 armati
587 1473 700 1526 stabant.

146 1543 187 1591 33.
206 1541 276 1592 Inter
294 1541 361 1594 baec
379 1543 480 1595 Dareus
498 1543 660 1596 Artabazum
678 1541 864 1612 accirijubet:
883 1539 1022 1610 expositis·

111 1625 172 1678 que,
191 1626 259 1678 quae
280 1609 372 1663 Patron
397 1611 535 1680 detulerat,
555 1611 625 1664 haud
644 1611 764 1665 dubitare
782 1613 938 1678 Artabazus,
958 1609 1022 1679 quin

112 1679 300 1732 transeundum
313 1688 384 1733 esset
395 1682 423 1733 in
435 1690 520 1734 castra
532 1682 699 1734 Graecorum.
727 1680 822 1734 Persas
831 1699 944 1750 quoque,
955 1680 1022 1749 peri·

111 1747 171 1800 culo
184 1747 296 1818 vulgato,
311 1759 453 1804 secuturos.
490 1751 643 1804 Destinatus
655 1751 715 1804 sorti
728 1768 800 1819 suae,
814 1762 840 1803 et
857 1750 912 1820 jam
926 1751 1023 1802 nullius

112 1816 225 1870 salubris
243 1819 344 1871 consilii
362 1820 485 1887 patiens‚⁰
502 1821 608 1873 unicam
627 1821 654 1872 in
672 1821 718 1872 illa
735 1819 837 1872 fortuna
855 1837 934 1889 opem
947 1823 1022 1871 Arta·

111 1885 217 1955 barum,
242 1888 378 1942 ultimum⁷
402 1889 478 1942 illurn
502 1891 611 1959 visurus,
636 1889 806 1958 amplectitur
814 1905 821 1957 5
847 1889 1023 1958 perfususque

112 1958 212 2010 mutuis
224 1958 347 2028 lacrimis,
361 1958 544 2012 inhaerentem
557 1959 607 2012 sibi
620 1959 699 2010 avelli
709 1957 800 2028 jubet:
819 1959 905 2028 capite
924 1957 1022 2010 deinde

112 2026 207 2095 velato,
228 2044 262 2079 ne
282 2028 350 2080 inter
368 2030 484 2096 gemitus
503 2027 698 2096 digredientem
719 2027 791 2080 velut
810 2044 827 2079 a
845 2028 917 2096 rogo⁸
939 2027 1022 2079 intue-

112 2105 191 2165 retur,
205 2097 230 2148 in
243 2096 355 2151 humum
368 2115 479 2167 pronum
491 2115 585 2166 corpus
596 2096 704 2165 abjecit.
741 2098 811 2150 Tum
823 2114 886 2149 vero
904 2096 1024 2150 custodia

112 2165 171 2234 ejus
183 2167 301 2235 assueti?
311 2185 377 2236 quos
389 2168 459 2237 regis
477 2169 590 2221 salutern
603 2167 645 2219 vei
658 2167 774 2236 periculo
786 2169 857 2220 vitae
870 2167 937 2220 tueri
948 2182 1021 2236 opor·

113 2234 215 2303 tebat,¹⁰
225 2236 321 2305 dilapsi
340 2247 408 2308 suut,
426 2239 542 2308 armatis,
555 2253 621 2306 quos
638 2237 693 2307 jaro
710 2236 854 2290 adventare
871 2236 1035 2304 credebant·

114 2346 205 2395 finitive
217 2350 236 2398 is
248 2366 313 2399 more
322 2368 436 2401 common
446 2353 471 2400 in
482 2353 538 2458 lonp
548 2353 674 2412 speeches,
688 2352 746 2400 than
756 2352 781 2399 in
791 2351 851 2399 such
862 2350 929 2398 short
945 2348 1021 2409 speei-

114 2421 183 2455 mens
194 2408 221 2454 os
234 2408 273 2456 the
283 2413 358 2458 oratio
369 2414 461 2472 obliquo
471 2428 498 2460 as
509 2423 519 2458 t
537 2428 550 2459 e
563 2421 667 2470 present.

113 2466 279 2574 dicit-lom&
294 2473 450 2529 ‘permanent
465 2470 613 2527 residence;’
632 2473 677 2525 lor,
690 2468 732 2516 the
745 2468 904 2530 ‘house-god'
917 2466 1024 2516 usedfor

143 2562 221 2632 ἩΑἰ]
231 2601 319 2645 enemy
330 2586 357 2634 ot'
367 2587 410 2636 the
420 2603 466 2635 one
477 2603 503 2636 as
515 2586 606 2634 wellas
617 2586 657 2635 the
669 2586 753 2635 other)

143 2644 220 2712 ¹‘·To
231 2655 286 2693 turn
296 2647 369 2695 about
385 2656 409 2694 at
425 2647 466 2695 the
478 2646 525 2694 nod
535 2646 563 2694 of
575 2647 616 2694 the
632 2646 728 2694 bidders
737 2646 753 2703 ;'
767 2646 841 2702 liceri,
855 2654 879 2693 tc
895 2644 936 2693 bid
950 2654 975 2694 at
991 2659 1023 2694 an

115 2711 279 2835 uufcwbmay
288 2780 333 2825 say
339 2782 410 2828 pergo
420 2783 454 2813 me
463 2768 492 2813 de
501 2768 580 2826 aliquo
590 2766 694 2821 crimine,
707 2780 734 2812 or
744 2765 846 2832 alicujus
858 2765 978 2820 criminin
995 2777 1023 2812 or

111 2837 189 2892 purgo
198 2839 284 2894 cremera
300 2842 382 2880 meum,
398 2824 427 2872 ‘I
437 2824 514 2873 resuta
525 2840 539 2872 a
549 2824 636 2884 charge
647 2823 717 2872 made
728 2832 822 2884 egomet
832 2839 871 2872 me
881 2824 897 2882 ;’
910 2838 936 2872 or
946 2839 1022 2885 purgo

115 2891 394 3047 ttzloffibblgetnu'bbbbbu
414 2948 581 3003 ‘asupporter
590 2941 619 2990 os
629 2958 644 2991 a
658 2941 722 3003 good
732 2957 813 2998 cause,
826 2941 873 2991 and
883 2958 898 2990 a
907 2940 1022 3001 punisher

114 3012 360 3167 :oglbpgpyarticiples
370 3061 502 3122 governing
513 3061 553 3109 the
564 3060 678 3122 genitive,
689 3076 731 3109 see
743 3061 822 3111 Grorrr.
834 3061 863 3113 bb
873 3064 926 3116 277,
941 3062 962 3116 l,
974 3058 1022 3109 eud

144 3154 205 3225 '’An
215 3156 312 3236 adverb,
327 3179 378 3229 ‘for
388 3179 429 3228 the
440 3179 486 3229 lust
496 3180 571 3228 time!
604 3179 651 3227 See
664 3179 743 3228 Grom.
755 3179 768 3232 b
780 3182 832 3239 109,
844 3188 901 3226 note
912 3181 935 3245 ¹:

143 3241 153 3265 ι
166 3237 210 3284 «ln
220 3239 289 3307 order
300 3251 341 3320 pot
352 3249 377 3287 to
388 3239 445 3287 look
456 3254 519 3301 upon
530 3239 589 3324 hirp,
602 3239 658 3307 raho
668 3254 718 3286 was
728 3239 882 3345 gomffiaway
892 3251 918 3284 as
929 3234 950 3283 rs
959 3234 1021 3284 from

115 3311 131 3344 a
140 3295 231 3345 funeral
243 3299 298 3356 pile.
340 3298 388 3348 We
400 3294 486 3347 should
496 3313 557 3358 say...
577 3313 605 3346 as
616 3297 636 3346 ri
647 3297 709 3346 from
719 3314 734 3347 a
743 3309 794 3346 tom
813 3332 818 3344 .

144 3359 153 3384 ⁸
165 3356 225 3405 'His
236 3358 306 3406 usual
316 3357 498 3418 body-guarda.⁹
530 3357 578 3405 For
589 3357 629 3405 the
640 3358 803 3409 construction
812 3353 840 3403 os
850 3369 966 3412 arsuro,
978 3367 1020 3403 see

118 3415 599 3538 Qviffidiidtmaaaass
612 3473 661 3524 aa.
693 3473 740 3522 sa
753 3470 921 3524 enarras
