2274 3772
469 195 561 238 arnan
581 197 621 238 vr.
940 178 995 235 lae

123 299 198 350 Calis.
230 300 299 350 Thus
310 302 351 351 the
362 303 439 353 whole
450 306 617 355 emminstion
632 305 703 355 takes
721 322 736 354 a
752 311 808 354 turn
824 305 962 356 favourable
973 311 998 354 to

123 365 164 416 the
175 365 257 432 hing’s
268 367 368 418 honour.

354 503 548 537 SUPPLEHENTUM
565 504 733 538 marrianam.

124 591 200 654 [Dum
209 607 239 639 eo
250 606 292 652 per
303 589 389 638 Asiam
401 596 522 654 gerentur,
533 606 565 638 ne
577 589 602 637 in
614 590 718 638 Graecia
735 591 832 652 quidem
844 591 997 641 Macedonia-

90 673 136 720 que
147 657 292 718 tranquillae
303 671 343 704 res
354 656 428 703 fuere.
455 655 585 720 Regnabat
596 657 659 718 apud
667 656 873 705 Lacedaemonios
880 657 943 721 Agis
952 659 998 706 Ar·

91 721 200 770 chidami
212 722 281 779 filius,
293 721 333 783 qui
342 721 483 769 Tarentinis
493 736 563 783 opem
575 721 655 769 ferens
667 721 796 780 ceciderat,
805 724 889 771 eodem
902 723 941 770 die
952 739 998 785 quo

91 787 218 851 Philippus
226 787 386 836 Athenienses
396 787 426 833 ad
435 786 602 834 Chaeroneam
611 786 676 835 vicit
702 787 728 834 Is
734 787 868 835 Alexandri
876 804 918 849 per
926 789 998 837 virtu·

91 859 141 903 tem
154 854 271 910 aemulus,
280 853 345 900 clves
357 867 413 899 suos
425 851 573 910 stimulabat,
582 868 613 900 ne
622 852 752 900 Graeciam
761 853 875 900 servitute
884 852 998 902 Macedo·

90 920 243 968 numdiutius
250 919 326 980 premi
332 917 673 980 paterentur;nisiintempore
680 917 907 978 providerentidem
909 921 938 982 ju
956 935 997 967 um

90 986 121 1032 ad
134 986 200 1047 ipsos
211 984 368 1032 transiturum
380 998 441 1030 esse.
469 982 637 1031 Annitendum
648 983 732 1046 igitur,
744 984 801 1030 dum
814 984 908 1058 aliquae
919 937 999 1032 adhuc

90 1051 172 1100 Persis
178 1051 209 1098 ad
215 1050 376 1098 resistendum
381 1047 443 1095 vires
448 1055 542 1104 essent:
554 1048 602 1095 illis
609 1049 737 1110 oppressis,
745 1049 856 1096 adversus
864 1064 998 1098 immanem

90 1116 224 1182 potentiam
236 1116 327 1163 frustra
339 1114 418 1177 avitae
429 1113 548 1162 libertatis
559 1129 679 1162 memores
688 1113 787 1162 futuros.
821 1114 864 1162 Sic
875 1114 998 1164 instinctis

90 1182 187 1240 animis,
198 1181 352 1230 occasionem
365 1179 420 1226 belli
432 1195 462 1226 ex
474 1181 600 1228 commodo
618 1179 745 1240 coeptandi
763 1179 999 1240 circumspiciebant.

91 1249 171 1314 Igitur
183 1246 299 1295 felicitate
311 1244 450 1292 Memnonis
459 1244 563 1303 invitati,
575 1244 676 1293 consilia
693 1261 750 1293 cum
767 1245 819 1306 ipso
835 1245 939 1294 miscere
957 1263 999 1311 ag-

90 1313 168 1379 gressi
185 1319 255 1369 sunt;
272 1319 297 1359 et
313 1315 437 1372 postquam
455 1310 495 1358 ille
512 1326 593 1360 rerum
611 1311 728 1358 laetarum
747 1310 816 1358 initia
830 1311 999 1373 intempestiva

90 1386 169 1428 morte
180 1378 297 1436 destituit,
308 1375 385 1424 nihilo
396 1375 522 1423 remissius
533 1377 647 1439 agebant
676 1375 723 1423 Sed
735 1377 766 1423 ad
778 1376 962 1424 Pharnabazum
974 1384 1000 1426 et

90 1444 287 1507 Autophradaten
296 1441 426 1505 ,profectus
437 1441 509 1504 Agis,
521 1441 625 1504 triginta
642 1441 739 1505 argenti
756 1443 856 1499 talenta,
868 1442 998 1506 decemque

90 1510 203 1560 triremes
212 1508 357 1571 impetravit,
367 1521 426 1567 quas
437 1506 553 1569 Agesilao
563 1507 631 1554 fratri
641 1507 715 1564 misit,
726 1512 752 1554 ut
760 1507 787 1554 in
794 1507 891 1555 Cretam
900 1508 999 1572 naviga.

90 1581 134 1633 ret,
140 1576 208 1640 cujus
216 1573 309 1622 insulae
318 1573 420 1620 cultores
425 1571 488 1619 inter
496 1571 702 1620 Lacedaemonios
710 1579 735 1619 et
742 1573 891 1620 Macedonas
898 1572 999 1622 diversis

89 1641 177 1689 studiis
186 1639 390 1687 distrahebantur.
413 1637 501 1701 legati
510 1653 602 1700 quoque
614 1639 645 1686 ad
657 1638 765 1688 Dareum
773 1637 843 1686 missi
851 1643 915 1695 sunt,
922 1639 962 1700 qui
972 1640 998 1687 in

89 1722 160 1755 usum
169 1706 224 1753 belli
232 1703 375 1766 ampliorem
382 1702 432 1749 vim
441 1703 559 1764 pecuniae
567 1704 694 1766 pluresque
703 1719 777 1751 navas
784 1709 900 1765 peterent
917 1705 998 1765 Atque

88 1770 151 1819 haec
163 1787 244 1819 eorum
257 1775 341 1831 coepta
353 1768 434 1815 eludes
446 1769 476 1815 ad
489 1767 568 1816 Issum
582 1771 650 1827 (nam
658 1785 687 1816 aa
695 1769 867 1829 intervenerat)
879 1771 939 1816 adeo
949 1785 998 1818 non

89 1836 256 1898 interpellavit,
266 1840 293 1883 ut
302 1834 377 1881 etiarn
390 1833 514 1898 adjuverit
539 1833 636 1895 Quippe
647 1833 781 1897 largientem
794 1834 917 1881 insecutus
926 1835 997 1883 Alex·

90 1902 165 1950 ander
177 1901 203 1949 in
215 1900 346 1965 longinqua
353 1900 407 1946 loca
416 1898 497 1961 magis
505 1898 633 1962 magisque
642 1899 794 1959 rapiebatur;
805 1905 829 1945 et
836 1899 925 1960 exipso
933 1916 998 1961 proe.

89 1967 122 2015 lio
131 1965 334 2015 mercenariorum
342 1964 429 2027 ingens
438 1963 566 2012 multitudo
577 1963 602 2010 in
609 1963 739 2011 Graeciam
747 1964 807 2028 fuga
816 1970 997 2025 penetraverat:

88 2048 189 2095 quorum
201 2038 256 2079 octo
267 2030 336 2078 milia
348 2029 447 2077 Persica
459 2029 562 2090 pecunia
580 2029 695 2076 conduxit
711 2029 774 2092 agis,
786 2044 914 2091 eorumque
926 2046 997 2092 opera

88 2099 212 2160 plerasque
223 2095 375 2145 Cretensium
383 2095 454 2142 urbes
463 2094 561 2155 recepit
586 2094 648 2142 Cum
658 2093 772 2156 deinceps
781 2094 878 2152 Menon,
888 2094 912 2142 in
922 2095 998 2144 Thra.

88 2164 154 2211 ciam
165 2165 197 2214 ab
209 2163 349 2210 Alexandro
359 2160 456 2218 missus,
464 2160 579 2208 barbaros
591 2161 622 2208 ad
633 2157 791 2208 defectionem
804 2160 947 2222 impulisset,
956 2163 998 2210 sd.

87 2244 133 2290 que
143 2244 197 2275 earn
206 2227 416 2289 comprimendam
423 2225 553 2286 Antipater
559 2225 690 2274 exercitum
697 2241 727 2272 er
734 2224 880 2274 Macedonia
886 2226 911 2273 in
920 2226 997 2276 Thra.

87 2294 154 2341 ciam
159 2292 272 2351 duxisset,
277 2291 454 2354 opportunitate
460 2291 575 2352 temporis
582 2297 678 2339 strenue
686 2291 723 2340 usi
728 2291 915 2340 Lacedaemonii
921 2298 996 2342 totam

88 2358 285 2419 Peloponnesum,
295 2357 380 2418 paucis
391 2356 490 2403 urbibus
501 2356 616 2418 exceptis,
628 2356 653 2402 in
666 2361 746 2418 partes
759 2362 891 2413 traxerunt,
903 2358 997 2405 confec-

16 2420 18 2427 '
88 2429 158 2484 toque
166 2421 367 2484 exercituviginti
375 2421 470 2468 milium
478 2421 656 2482 peditum,cum
664 2421 784 2483 equitibus
792 2421 829 2468 bis
837 2421 911 2479 mille,
920 2421 997 2486 Agidi

88 2503 212 2536 summam
223 2486 320 2548 imperii
332 2486 476 2533 detulerunt
510 2485 640 2547 Antipater
651 2501 680 2532 ea
692 2501 717 2532 re
729 2491 851 2547 comperta
869 2486 957 2534 bellurn
970 2487 996 2535 in

88 2551 204 2610 Thracia,
216 2551 301 2613 quibus
313 2557 391 2612 potest
399 2549 589 2607 condicionibus,
597 2550 727 2611 componit;
738 2551 873 2612 raptimque
886 2551 911 2598 in
923 2551 996 2600 Grae-

88 2618 154 2666 ciam
163 2633 296 2681 regressus,
303 2617 334 2663 ah
344 2614 431 2664 amicis
439 2614 557 2676 sociisque
566 2615 704 2663 civitatibus
713 2615 803 2662 auxilia
812 2615 885 2678 cogit.
902 2616 997 2672 Quibus

88 2682 293 2740 convenientibus,
303 2682 333 2729 ad
345 2680 506 2744 quadraginta
515 2686 678 2744 pugnatorum
686 2679 755 2728 milia
764 2681 893 2728 recensuit.
918 2683 996 2730 Adve-

88 2754 160 2796 nerat
175 2754 201 2796 et
217 2764 247 2795 ex
263 2747 427 2808 Peloponneso
438 2746 518 2794 valida
529 2760 631 2804 manum
648 2745 690 2792 sed
708 2746 764 2808 quia
775 2745 875 2794 dubiam
887 2746 994 2808 ipsorum

88 2813 161 2860 fidem
172 2813 309 2872 resciverat,
318 2811 472 2860 dissimulata
484 2811 620 2872 suspicione
630 2812 723 2874 gratias
731 2811 790 2875 egit,
798 2812 859 2873 quod
872 2814 902 2861 ad
914 2813 996 2861 defen-

88 2879 192 2926 dendam
205 2880 318 2927 adversus
329 2877 534 2924 Lacedaemonios
543 2876 676 2924 Alexandri
693 2877 837 2940 dignitatem
855 2877 995 2926 affuissentz

88 2944 235 3006 scripturum
243 2959 269 2991 se
277 2944 301 2991 id
310 2941 370 3007 regi,
378 2941 483 3006 gratiam
491 2942 516 2989 in
524 2948 631 3002 tempore
638 2942 751 2991 relaturo.
775 2941 805 2990 In
813 2958 927 3003 praesens
934 2942 995 2992 nihil

119 3024 147 3056 us
158 3025 212 3057 esse
223 3009 355 3072 majoribus
367 3007 457 3068 copiis:
469 3007 550 3069 itaque
562 3007 646 3054 domos
657 3007 769 3066 redirent,
780 3007 883 3056 foederis
891 3008 995 3055 necessi-

87 3024 138 3123 ιθ
149 3075 249 3136 expleta.
278 3073 383 3123 Nuntios
395 3072 481 3119 deinde
494 3073 524 3120 ad
536 3072 702 3120 Menandrum
714 3072 797 3132 mittit,
804 3074 833 3121 de
841 3079 909 3120 motu
919 3073 994 3120 Grae-

79 3140 143 3195 ,ciae
154 3140 280 3188 certiorem
292 3139 404 3186 facturos.
430 3138 508 3199 Atque
520 3137 556 3185 illi
568 3152 652 3200 regem
662 3139 725 3199 apud
733 3138 823 3186 Bactra
832 3139 931 3197 demmn
939 3150 994 3184 con·

88 3205 165 3254 secuti
173 3203 412 3261 sunt;cuminterim
417 3203 540 3264 Antipatri
548 3202 752 3260 victoriaetnece
760 3201 994 3266 AgidisinArcadia

88 3276 237 3318 transactum
248 3276 318 3318 esset
330 3269 399 3320 ,Sene
404 3270 455 3333 jam
465 3268 558 3330 pridem
566 3268 672 3316 tumultu
680 3267 928 3316 Lacedaemoniorum
938 3281 994 3330 cog·

87 3336 146 3393 nito,
163 3342 280 3397 quantum
301 3341 336 3383 tot
357 3340 475 3382 terrerum
497 3333 581 3395 spatiis
601 3333 721 3381 discretus
739 3332 830 3395 potuit,
845 3331 1009 3390 protinam:

86 3400 261 3461 Amphoterum
273 3416 328 3448 curn
341 3398 437 3463 Cypriis
449 3405 473 3449 et
483 3398 630 3450 Phoeniciis
646 3399 759 3448 naribus
770 3397 805 3445 ‘m
814 3395 1031 3454 reomensem

76 3464 201 3526 navigare,
213 3462 332 3513 Menaten
345 3467 392 3516 tris
402 3467 477 3518 milia
489 3468 619 3518 talentum
629 3466 669 3517 ad
677 3479 755 3516 mare
765 3460 870 3510 deterre
878 3450 1052 3520 quaeram&
