2274 3772
126 155 182 211 180
342 214 350 244 x
390 170 430 209 mr
454 171 560 210 essars
582 172 765 213 snuxrrrnnr.

122 287 247 350 parentes
258 278 348 332 liberis
359 278 379 330 si
392 287 536 348 occurrant,
550 291 577 331 et
589 279 682 347 ingrati
698 290 724 331 et
740 280 814 331 invisi
827 288 895 331 sunt.
933 280 1037 334 Contra

123 365 184 402 cum
197 349 272 401 donis
284 348 447 415 honoramur,
465 365 526 400 cum
546 351 671 417 praemiis
688 350 772 401 onusti
792 350 954 417 revertimur,
970 351 1037 418 quis

123 418 192 471 ferre
203 436 251 471 nos
263 426 347 486 potest
356 418 377 468 l¹
389 417 450 486 quis
461 416 534 469 illam
542 419 689 470 animorum
699 418 863 470 alacritatem
872 419 1035 472 contineret

122 486 295 541 Militantium
316 503 366 539 nec
386 486 538 555 indignatio,
557 504 607 540 nec
627 487 726 539 laetitia
746 488 881 540 moderata
899 499 948 538 est.
987 490 1034 542 Ad

121 573 215 609 omnes
237 556 351 609 affectus
374 557 475 625 impetu
498 556 621 624 rapimur,
659 556 852 626 Vituperamus,
877 555 1033 626 laudamus,

122 627 286 693 miseremur,
313 625 456 694 irascimur,
484 635 618 695 utcunque
644 642 770 746 praesens
795 627 877 678 movit
902 625 1033 678 allectio:

122 695 200 748 niodo
224 695 328 748 indiam
350 694 423 748 adire
442 702 469 747 et
489 695 624 751 Oceanum
656 695 717 764 ibet,
731 695 817 749 modo
837 694 981 763 conjugum
1004 705 1034 748 et

122 764 264 818 liberorum
278 767 428 832 patriaeque
441 765 568 816 memoria
579 765 697 817 occurrit.
723 764 774 817 Sed
788 764 836 816 has
848 765 1032 834 cogitationes,

122 833 171 887 has
189 834 256 885 inter
274 851 302 885 se
320 832 525 902 colloquentium
538 835 637 903 voces,2
652 834 757 901 signum
774 832 838 884 tuba
849 832 940 885 datum
953 833 1030 887 linit:

122 903 148 956 in
161 919 222 955 suos
233 903 344 972 quisque
356 903 462 955 ordines
474 904 610 970 currimus,
621 913 648 955 et
657 903 780 971 quicquid
794 904 890 954 irarum
902 905 927 954 in
941 903 1033 956 taber·

122 973 217 1027 nacnlo
229 981 388 1041 conceptum
401 982 440 1025 est
454 973 479 1023 in
493 971 607 1025 hostiurn
625 972 767 1024 effunditur
785 973 881 1040 capita.
916 972 1032 1026 Utinam

123 1040 240 1095 Philotas
256 1058 362 1111 quoque
380 1042 446 1094 intra
458 1042 539 1094 verba
552 1041 704 1111 peccasset!
742 1040 854 1093 Proinde
866 1039 900 1092 ad
913 1041 938 1093 id
952 1059 1032 1110 prae·

121 1120 216 1178 vertas,
230 1112 414 1180 propterquod
427 1111 466 1170 rei
477 1129 578 1165 sumus.

156 1187 181 1233 4.
200 1180 363 1250 Amicitiam,
381 1197 450 1248 quae
470 1180 546 1232 nobis
563 1197 625 1233 cum
643 1179 746 1233 Philota
763 1179 821 1247 fuit,
839 1178 906 1230 adeo
924 1195 976 1232 non
995 1197 1032 1248 eo

122 1250 238 1319 infitias,³
256 1258 285 1302 ut
302 1251 434 1318 expetisse
452 1266 555 1318 quoque
574 1266 627 1318 uos,
644 1265 806 1317 magnosque
825 1265 859 1301 ex
876 1264 907 1299 eo
925 1247 1032 1302 fructus

122 1320 273 1390 percepisse
285 1319 419 1372 confitear.
456 1323 498 1371 An
511 1335 571 1371 vero
585 1319 771 1386 Parmenionis,
785 1334 863 1387 quem
881 1317 928 1369 tibi
941 1319 1031 1386 prexi-

120 1406 195 1445 mum
214 1406 273 1440 esse
286 1388 398 1457 voluisti,
415 1388 506 1456 filium,
522 1405 616 1440 omnes
634 1404 718 1456 paene
739 1388 840 1439 amicos
858 1395 915 1438 tuos
934 1387 1028 1455 digna-

122 1458 203 1510 tione⁴
214 1459 374 1520 vincentem,
387 1457 488 1509 cultum
507 1473 523 1508 a
541 1457 617 1511 nobis
629 1474 687 1508 esse
700 1456 821 1509 mirariel
856 1457 896 1508 Tu
910 1455 1029 1526 hercule,

121 1527 144 1580 ei
158 1544 249 1582 verum
262 1526 413 1595 audireris,
427 1543 480 1593 rex,
494 1526 573 1595 hujus
589 1526 664 1579 nobis
676 1526 784 1594 periculi
796 1542 826 1577 es
838 1542 925 1578 cansa.
961 1527 1031 1585 Quis

122 1596 194 1648 enirn
213 1595 281 1647 alius
300 1594 397 1663 effecit,
417 1604 445 1647 ut
465 1596 499 1647 ad
521 1595 651 1648 Philotam
671 1596 839 1647 decurrerent
857 1596 901 1662 qui
921 1595 1030 1663 placere

121 1664 221 1718 vellent
240 1664 306 1718 ribit
342 1664 384 1718 Ab
403 1664 446 1717 illo
464 1665 551 1717 traditi
563 1664 598 1717 ad
610 1663 681 1717 huuc
692 1665 803 1732 gradum
816 1663 949 1716 amicitiae
963 1674 1029 1717 tuae

120 1734 299 1787 ascendimus.
335 1732 362 1786 Is
371 1734 442 1803 apud
455 1743 481 1786 te
494 1734 550 1803 luit,
563 1733 640 1804 cujus
650 1734 760 1802 gratiam
774 1744 905 1802 expetere,
919 1743 945 1786 et
958 1734 1029 1788 iram

121 1804 214 1857 timere
235 1806 394 1874 possemus.⁵
428 1807 469 1856 An
490 1821 540 1856 non
561 1804 752 1873 propemodum
772 1804 797 1855 iu
817 1811 862 1855 tua
880 1803 970 1856 verba⁸
988 1805 1028 1856 tui

119 1889 215 1927 omnes
234 1882 260 1927 te
280 1882 424 1942 praeeunte
446 1872 599 1943 juravimus,
620 1873 729 1926 eosdem
752 1890 807 1925 nos⁴
819 1873 941 1924 inimicos
958 1874 1027 1926 emi-

120 1960 219 2012 cosque
240 1943 375 1996 habituros
394 1959 460 2012 esse,
482 1953 594 2012 questu
616 1942 748 1995 haberesl
783 1942 839 1994 Hoc
860 1951 1027 1995 sacramento

120 2013 228 2082 pietatis
252 2012 369 2065 obstricti
393 2029 576 2066 aversaremur
600 2013 721 2081 scilicet,⁷
745 2029 823 2080 quem
851 2020 878 2063 tu
904 2011 1028 2064 omnibus

139 2081 305 2135 raelerebas!
343 2081 432 2150 Igitur,
452 2081 474 2133 si
493 2082 543 2134 hoc
561 2083 661 2134 crimen
682 2090 729 2145 est,
750 2098 848 2150 paucos
871 2081 1028 2133 innocentes

158 2152 219 2204 bes:
250 2152 331 2203 immo
361 2150 467 2203 hercule
497 2152 640 2205 neminem.
687 2153 785 2204 Omnes
808 2152 879 2203 enirn
904 2150 1027 2202 Philotae

120 2220 200 2272 amici
218 2236 277 2272 esse
295 2219 441 2287 voluerunt,
460 2219 507 2272 sed
527 2220 645 2290 totidem,
663 2229 725 2288 quot
744 2220 867 2273 volebant
888 2237 954 2286 esse,
974 2237 1028 2272 non

120 2296 248 2359 poterant.
284 2289 331 2356 lta,
345 2289 366 2340 si
379 2305 395 2340 a
407 2289 518 2341 consciis
535 2290 636 2342 amicos
653 2306 704 2341 non
722 2289 826 2357 dividis,
841 2307 873 2341 ne
886 2288 921 2341 ab
932 2289 1029 2342 amicis

119 2358 227 2428 quidem
257 2358 392 2438 separabis
421 2358 486 2426 illos,
511 2360 556 2427 qni
581 2356 652 2411 idem
676 2375 744 2428 esse,
759 2359 905 2412 voluerunt.
950 2358 1027 2416 Quod

119 2428 197 2496 igitur
209 2429 385 2481 conscoentiae
398 2427 507 2480 affertur
518 2427 665 2481 indiciuml
701 2429 735 2481 Ut
753 2429 849 2496 opinor,
863 2429 925 2496 quia
943 2428 1028 2497 pridie

119 2497 285 2551 familiariter
308 2506 334 2550 et
354 2498 410 2550 sine
429 2498 531 2550 arbitris
548 2497 652 2550 locutus
670 2507 711 2552 est
731 2498 884 2551 uobiscum!
922 2501 957 2550 At
976 2514 1029 2566 ego

119 2583 230 2636 purgare
248 2584 299 2620 non
320 2585 433 2638 possem,
447 2567 469 2619 si
489 2567 572 2636 pridie
593 2571 738 2637 quicquam
758 2584 792 2620 ex
812 2576 901 2620 vetere
921 2566 975 2619 vita
993 2583 1029 2620 ac

148 2705 155 2727 ¹
169 2699 250 2767 ‘Who
261 2715 306 2748 can
316 2698 373 2748 bear
384 2700 436 2749 ust’
454 2699 506 2747 that
519 2700 548 2755 is,
564 2700 634 2748 ‘who
645 2716 690 2748 can
701 2700 790 2748 endure
802 2716 845 2748 our
856 2701 968 2760 boasting
978 2703 1028 2749 and

119 2757 181 2817 lolty
193 2758 258 2863 pleae
269 2758 297 2806 of
311 2774 354 2806 our
371 2774 428 2806 own
444 2759 536 2815 merite,
549 2774 576 2806 or
592 2769 617 2808 to
628 2760 709 2818 whom
724 2775 764 2808 are
780 2761 849 2808 these
864 2770 906 2808 not
922 2759 1026 2808 burden-

119 2833 186 2865 some

147 2880 157 2905 ¹
169 2881 175 2901 ¹
185 2874 268 2922 These
279 2876 451 2934 expressions:
465 2891 491 2924 or
504 2877 567 2925 ‘this
579 2877 636 2926 kind
648 2877 676 2926 of
685 2877 819 2938 langunge.’

147 2933 641 3042 1arcessieratrota‘v'
673 2937 719 3043 p
733 2937 885 3044 ΞΜ
899 2941 921 2991 ⁵·
1004 2941 1025 2986 ¹·

476 3010 482 3050 ;
520 3013 549 3043 uo
586 3013 664 3044 neum
717 3014 733 3044 a
762 3014 819 3045 ons.

148 3061 156 3085 ¹
167 3053 215 3107 For
226 3052 266 3100 the
278 3053 441 3100 construction
451 3053 479 3101 os
490 3012 531 3102 tlie
547 3055 646 3103 relative
658 3056 700 3102 wit
733 3055 774 3103 the
790 3055 942 3115 subjunctive
955 3054 1024 3114 here,

118 3128 160 3162 see
176 3113 256 3160 Grom.
268 3111 342 3165 §3er
356 3114 377 3158 3.

146 3178 155 3203 ·
166 3171 197 3220 In
207 3172 310 3231 alicujus
321 3173 388 3218 aerbo
393 3171 480 3230 jurare
489 3187 573 3220 means
587 3177 627 3221 ‘to
637 3172 694 3221 take
703 3173 798 3221 aneath
807 3172 934 3233 offidelity
943 3183 968 3222 to
977 3189 1026 3234 any

118 3245 164 3279 one
173 3233 189 3288 ;’
202 3231 242 3278 the
254 3240 315 3278 term
326 3231 393 3277 cerba
404 3245 487 3277 means
496 3231 552 3279 here
564 3232 605 3280 the
616 3232 718 3280 formula
728 3232 756 3281 os
767 3233 809 3280 the
820 3233 885 3281 cuth.

148 3289 280 3338 'Ironiculr
300 3288 330 3335 ‘it
343 3303 393 3336 was
409 3304 452 3336 our
467 3288 527 3350 duty
538 3306 568 3337 no
584 3291 658 3340 doubt
674 3302 700 3340 to
715 3291 810 3352 despise
821 3291 872 3340 him
883 3291 965 3340 whom
975 3306 1026 3353 you

115 3348 238 3408 preferred
258 3360 284 3396 to
303 3346 360 3396 elll’
392 3347 447 3397 'Phe
468 3348 582 3409 principle
598 3350 626 3400 of
642 3351 684 3400 the
701 3351 854 3411 subjunctive
871 3351 928 3400 here
943 3352 965 3400 is
981 3351 1025 3400 the

105 3421 178 3455 sanie
187 3407 251 3456 asrir
263 3407 305 3458 the
316 3423 373 3458 cass
384 3405 415 3458 of
427 3407 508 3460 Grani.
521 3409 601 3464 tote.
