2274 3772
136 117 191 175 loc
399 132 438 171 us
462 131 566 172 cusrrs
587 131 770 172 rnuxxnnnr.

133 241 293 313 Hyrcaniam
319 229 422 309 cadere,
441 240 526 311 cujns'
545 236 688 309 fastigium,
708 249 736 293 ut
759 257 838 311 supra
861 239 963 293 dictum
986 250 1036 310 est,

134 319 261 383 perpetua
271 310 341 363 valie
354 311 533 364 summittitur.
847 348 850 353 .

172 385 210 434 13.
228 381 295 433 Hinc
322 397 367 432 rex
390 381 438 432 XX
463 379 547 431 stadia
572 378 697 448 processit
721 380 817 431 semita
846 380 1037 447 propemodum

134 449 213 516 invia,
226 450 269 502 cui
282 449 347 501 silva
359 449 521 516 imminebat,
537 457 715 516 torrentesque
728 457 754 500 et
773 449 873 500 eluvies
892 449 941 501 iter
953 466 1037 502 mora·

134 519 237 573 bantur.
272 518 351 571 Nullo
373 528 461 570 tamen
482 516 557 569 hoste
577 517 663 586 obvio,
675 527 800 586 penetrat,
823 518 982 587 tandemque
1002 518 1036 570 ad

134 588 257 643 ulteriora
274 597 431 657 perventum
447 597 494 639 est.
532 587 639 639 Praeter
657 587 723 639 aiios
741 596 913 656 commeatus,
927 605 1037 656 quorum

135 667 192 712 tum
204 657 279 729 copia
294 657 365 722 regio
382 655 541 722 abundabat,
555 672 692 724 pomorum
710 673 813 724 quoqne
832 657 924 723 ingens
942 659 1038 710 modus

134 727 257 796 nascitur,
271 736 297 778 et
310 727 470 779 uberrimum
483 724 624 794 gignendis
637 726 696 778 uvis
713 726 798 778 solum
816 736 865 776 est.
902 726 1038 794 Frequens

133 796 209 849 arbor
221 796 319 849 faciem
331 812 444 865 quercus
462 794 548 862 habet,
563 793 639 863 cujus
656 794 719 846 folia
737 795 819 847 multo
836 795 917 846 melle
937 796 1038 863 tinguu-

135 874 183 935 tur,
203 866 251 919 sed
268 867 318 918 uisi
337 865 399 917 solis
415 874 500 917 ortum
526 865 628 917 incolae
654 865 847 933 occupaverint,
867 864 910 916 vel
934 865 1038 917 modico

135 946 224 1004 tepore
254 951 333 987 sucus
361 934 549 1001 extinguitur.²-
574 935 645 986 >tux
671 933 731 985 hinc
758 933 842 985 stadia
859 943 1036 1013 processerat,

135 1021 195 1058 cum
210 1003 420 1072 Phrataphernes
437 1004 461 1054 ei
479 1005 597 1070 occurrit,
611 1019 692 1070 seque
704 1013 736 1054 et
755 1019 865 1070 ecs,an
885 1012 942 1071 post
960 1004 1038 1056 Darei

135 1083 247 1126 mortem
265 1073 440 1142 profugerant,
460 1073 576 1125 dedens:
602 1072 699 1139 quibus
722 1071 836 1138 benigne
859 1073 985 1140 exceptis,
1003 1073 1038 1125 ad

134 1142 259 1213 oppidum
273 1146 357 1194 Arvas
369 1137 495 1211 pervenit.
533 1143 582 1205 Hic
595 1142 618 1193 ei
631 1141 752 1192 Craterus
764 1151 790 1193 et
808 1141 932 1209 Erigyius
949 1158 1038 1194 occur-

135 1220 202 1264 runt.
246 1212 412 1264 Praefectum
439 1211 496 1279 Tap
508 1211 612 1263 ‘rorum³
637 1210 722 1277 gentis
752 1210 912 1265 Phradatem
938 1210 1038 1263 addux-

135 1290 217 1333 erant.
254 1282 303 1333 Hic
321 1297 426 1349 quoque
446 1281 470 1332 in
489 1230 570 1332 fidem
596 1289 716 1348 receptus
740 1279 829 1339 multis
847 1280 968 1348 exemplo
987 1279 1038 1333 fuit

135 1350 286 1418 experiendi
304 1349 473 1402 clementiam
503 1349 579 1416 regis.
615 1348 740 1416 Satrapen
768 1347 865 1401 deiude
889 1349 1038 1417 Hyrcaniae

135 1418 209 1470 dedit
222 1419 364 1486 Manapin:
385 1418 445 1470 e'xni
460 1418 502 1469 hic
521 1426 645 1484 regnante
665 1416 737 1470 Ocho
757 1416 790 1469 ad
812 1417 961 1486 Philippum
981 1435 1038 1487 per·

135 1495 258 1540 venerat:
279 1487 441 1556 Tapyrorum
455 1503 559 1554 qnoque
571 1496 679 1553 gentem
693 1486 816 1538 Phradati
830 1487 951 1539 reddidit.

174 1562 212 1608 14.
229 1556 342 1624 Jamque
362 1555 455 1607 ultima
476 1557 623 1624 Hyrcaniae
643 1555 791 1623 intraverat,
805 1572 865 1607 cum
880 1556 1036 1626 Artabazus,

87 1648 90 1653 ’
155 1642 214 1677 uem
230 1625 312 1676 Dareo
324 1623 482 1677 fidissimum
497 1624 578 1676 fnisse
592 1641 668 1693 supra
681 1624 804 1692 diximus,
815 1642 874 1681 cum
888 1626 1039 1695 propinquis

134 1641 213 1747 harei
232 1710 264 1744 ac
284 1694 340 1746 suis
360 1693 448 1746 liberis
469 1693 623 1762 modicaque
644 1694 804 1745 Graecorum
825 1694 936 1746 miiitum
957 1706 1038 1747 manu

134 1763 255 1815 occurrit.
292 1761 417 1815 Dextram
437 1763 553 1815 venienti
573 1762 665 1814 obtulit
687 1779 748 1814 rex:
772 1763 869 1831 quippe
893 1772 919 1814 et
943 1763 1039 1833 hospes

136 1831 250 1901 Phihppi
264 1832 355 1900 fuerat,
369 1851 430 1891 cum
450 1831 522 1886 Ocho
542 1841 666 1899 regnante
687 1832 812 1900 exularet,
826 1841 852 1883 et
865 1832 970 1900 hospitii
984 1833 1038 1901 pig-

134 1918 198 1953 nora
216 1903 241 1953 in
262 1919 351 1969 regem
372 1919 448 1954 suum
469 1901 502 1952 ad
516 1901 638 1952 ultimum
657 1901 725 1952 fides
741 1912 894 1953 conservata
907 1902 1037 1954 vincebat.

135 1971 250 2023 Comiter
262 1972 339 2038 igitur
352 1981 487 2039 exceptus,
500 1971 540 2023 Tu
553 1970 670 2038 quidem,
684 1970 774 2038 inquit,
790 1987 841 2038 rex,
855 1969 919 2022 deos
930 1987 1036 2040 quaeso,

135 2050 262 2108 perpetua
280 2039 404 2092 felicitate
424 2041 525 2092 floreas.
562 2041 617 2106 Ego
636 2039 729 2090 ceteris
748 2038 839 2107 laetus,
853 2038 903 2091 hoc
922 2057 970 2091 uno
989 2049 1037 2092 tor·

135 2125 224 2176 queor,
245 2109 312 2177 qnod
335 2108 469 2176 praecipiti
492 2117 628 2160 senectute
651 2107 694 2159 diu
718 2109 767 2160 frui
789 2116 832 2160 tua
852 2108 965 2161 bonitate
986 2126 1038 2164 non

135 2194 251 2256 possum.
286 2178 493 2244 Nonagesimum
513 2186 538 2228 et
550 2178 670 2244 quintum
683 2194 781 2229 annum
794 2177 897 2245 agebat.
935 2179 1038 2231 Novem

147 2264 252 2312 uvenes,
266 2263 359 2298 omues
377 2244 474 2298 eadem
494 2256 577 2298 matre
596 2246 684 2313 geniti,
697 2256 798 2315 patrem
818 2247 1011 2300 comitabantur
1021 2251 1039 2299 :⁴

134 2263 184 2368 hos
197 2316 342 2369 Artabazus
353 2314 477 2367 dexterae
498 2315 567 2382 regis
587 2315 710 2382 admovit,
725 2324 847 2384 precatus
868 2325 896 2367 ut
918 2326 971 2368 tam
992 2317 1038 2369 diu

136 2387 261 2453 viverent,
281 2385 364 2437 donec
384 2385 462 2437 utiles
481 2384 630 2437 Alexandro
650 2394 746 2444 essent.
781 2385 838 2440 Rex
858 2385 970 2453 pedibus
990 2386 1039 2438 iter

135 2455 290 2533 plerumque
304 2454 434 2507 faciebat:
454 2463 517 2507 tunc
536 2453 670 2505 admoveri
690 2454 740 2506 sibi
760 2463 786 2505 et
807 2454 937 2507 Artabazo
956 2471 1038 2522 equos

135 2525 219 2592 ynssit,
238 2543 270 2578 ne
291 2526 347 2594 ipso
365 2524 527 2592 ingrediente
547 2522 665 2592 pedibus,
685 2540 766 2575 senex
784 2539 852 2591 equo
865 2524 926 2575 vehi
945 2524 1037 2576 erube-

135 2602 229 2645 sceret.

173 2667 210 2716 15.
230 2662 264 2714 Ut
277 2661 374 2713 deinde
386 2671 471 2714 castra
491 2669 551 2713 sunt
571 2661 662 2729 posita,
676 2661 799 2728 Graecos,
813 2677 879 2730 quos
890 2660 1039 2714 Artabazus

134 2729 287 2798 adduxerat,
301 2731 436 2782 convocari
455 2729 544 2798 jubet:
563 2740 590 2782 at
608 2729 653 2798 iiii,
667 2730 716 2781 nisi
734 2729 801 2782 fides
819 2730 1039 2783 Lacedaemoniis

141 2814 145 2820 .
163 2813 464 2894 1ᾗῖυῑμήὶἕζΑΗςι-νοὰήἱαε.η
484 2817 682 2894 Hyrcania—tucn
699 2833 861 2891 Maeanderin)
877 2852 933 2896 may
950 2839 979 2883 be
995 2835 1036 2883 de-

134 2891 227 2940 scribed
249 2907 324 2939 asan
341 2893 465 2940 extensive
481 2893 570 2952 ruffey,
588 2893 690 2941 covered
707 2895 765 2941 with
782 2904 846 2942 trees
863 2895 910 2943 and
925 2894 1036 2951 verdure,

40 2991 42 2995 .
134 2950 213 2998 which
225 2950 304 3009 siopcs
316 2950 387 2998 down
397 2961 423 2998 to
434 2951 474 2999 the
487 2952 591 3011 Caspian
604 2952 659 3000 Sea.

162 3009 244 3056 'This
262 3018 391 3056 statement
409 3009 429 3056 is
447 3011 512 3069 quite
530 3021 629 3058 correct.
662 3011 717 3059 The
728 3012 858 3060 thiokened
868 3028 911 3072 sap
923 3013 943 3061 is
954 3029 969 3061 a
979 3011 1039 3060 kind

132 3068 161 3118 of
173 3084 267 3124 manna,
281 3067 326 3115 und
338 3068 358 3114 is
369 3068 429 3115 used
440 3071 471 3128 by
483 3070 523 3116 the
535 3070 681 3118 inhabitants
692 3071 728 3119 for
738 3088 767 3119 su
785 3087 817 3119 ar.

162 3129 202 3175 ’A
213 3128 273 3175 tribe
286 3127 393 3174 bordarin
422 3143 486 3196 upon
497 3128 537 3175 the
550 3120 573 3175 H
591 3130 707 3183 maninus,
719 3146 749 3176 on
761 3087 801 3177 the
813 3140 881 3178 west.

162 3187 357 3240 ‘Pharnabazus¹
371 3202 384 3238 a
402 3187 472 3255 marai
482 3187 509 3234 of
521 3186 561 3255 the
574 3145 672 3235 Persian
684 3188 740 3236 fleat
751 3196 800 3245 (see
812 3190 844 3237 iii.
856 3193 886 3245 6),
900 3189 946 3238 aud
961 3189 1038 3237 taken

133 3247 240 3306 prisoner
251 3249 283 3307 by
294 3246 334 3293 the
347 3245 517 3293 Macedonicus
529 3254 568 3301 (ιν.
581 3250 626 3302 23),
640 3263 690 3294 was
702 3264 715 3294 a
725 3263 769 3295 sou
780 3247 808 3295 of
815 3249 959 3297 Artabazus.
986 3249 1037 3295 Ac·

132 3305 231 3366 cording
241 3315 267 3353 to
279 3305 366 3352 Arrian
377 3304 407 3351 hc
422 3305 526 3364 escaped
541 3321 600 3353 soon
616 3305 676 3354 after
692 3306 729 3354 his
745 3322 773 3354 ca
790 3316 857 3365 ture;
874 3309 918 3356 but
929 3306 1039 3356 whether

132 3361 163 3413 he
174 3379 225 3412 was
236 3365 295 3412 with
306 3363 344 3412 his
355 3362 433 3411 father
443 3379 470 3411 or
481 3373 531 3420 not,
544 3363 564 3412 is
575 3364 687 3413 nowhere
698 3374 761 3414 state
779 3401 784 3412 .
