2274 3772
487 135 578 188 cissa
597 136 640 177 nr.
978 118 1017 176 st

109 242 195 295 nitur:
214 241 359 310 insignibus
375 259 480 312 quoque
498 244 610 312 imperii,
624 263 656 297 ne
675 244 765 312 lugam
784 242 934 314 proderent,
944 241 1017 295 iude·

110 328 170 364 core
188 310 308 380 abjectis.
344 313 413 364 Tum
438 329 499 364 vero
522 315 605 365 ceteri
628 314 787 383 dissipantur
807 321 888 381 metu,
908 321 935 365 et
953 311 1017 381 qua¹

110 381 206 449 cuique
218 380 252 433 ad
264 380 354 448 sugam
367 381 475 450 patebat
488 382 537 448 via,
550 392 698 451 erumpunt,
711 400 785 435 arma
796 381 934 452 jacientes,
947 398 1017 449 quae

110 451 187 520 paulo
205 459 266 502 ante
283 449 317 502 ad
337 450 449 503 tutelam
474 467 609 519 corporum
635 462 817 521 sumpserant:
842 450 910 502 adeo
936 466 1018 521 pavor

110 520 191 573 etiam
210 519 310 571 auxilia
330 519 462 572 formidat.
498 519 615 573 Instabat
633 520 796 588 fugientibus
817 534 900 588 eques
919 537 935 571 a
956 520 1016 572 Par·

110 590 232 642 meniune
245 588 351 656 missus,
365 598 392 641 et
405 590 470 640 lorte
490 589 514 641 in
534 589 598 641 illud
618 607 697 642 cornu
709 607 803 642 ornnes
820 588 883 657 suga
901 588 1017 642 abstule-

111 668 157 710 rat.
193 660 227 710 At
253 659 278 710 in
308 658 399 710 dextro
427 659 522 710 Persae
547 658 690 711 Thessalos
714 659 819 727 equites
844 656 1018 711 vehementer

110 726 246 795 urgebant.
282 727 396 795 Jamque
421 744 475 779 una
498 727 541 779 ala
565 728 620 796 ipsu
646 729 747 797 impetu
785 727 925 779 recusarat
943 736 1016 779 erat:

110 814 172 849 curn
191 795 319 861 Thessali,
339 806 444 848 strenue
467 795 634 849 circumactis
657 798 734 863 equis
776 796 859 866 ilapsi,
879 813 966 848 rursus
990 796 1017 849 iu

130 866 239 933 roelium
253 866 370 932 redeunt,
381 881 535 934 sparsosque
548 876 574 918 et
587 866 772 934 incompositos
782 865 906 918 victoriae
919 865 1017 918 fiducia

111 884 236 988 barbaros
248 934 349 1001 ingenti
360 933 443 986 caede
462 943 633 1003 prosternunt.
671 934 739 1004 Equi
752 934 849 1003 pariter
860 936 1017 1004 equitesque

112 1005 251 1057 Persarum
273 1003 342 1055 serie
360 1003 530 1055 laminarum³
546 1021 649 1072 graves,
667 1021 772 1072 agmen,
791 1003 862 1072 quod
879 1004 1017 1057 celeritate

112 1072 230 1126 maxime
256 1084 366 1138 constat,
384 1088 463 1140 aegre
490 1072 692 1125 moliebanturz⁴
716 1073 815 1142 quip'pe
838 1073 866 1126 in
889 1073 1018 1126 circuma-

112 1142 207 1211 gendis
218 1143 294 1209 equis
306 1141 361 1194 suis
371 1139 492 1193 Thessali
504 1141 603 1194 multos
615 1151 816 1212 occupaverant.

148 1215 189 1262 28.
209 1210 266 1262 Hac
291 1221 344 1262 turn
371 1227 492 1332 prosppra
516 1211 756 1281 pugnanuntista,
783 1209 941 1280 Alexander,
965 1228 1017 1265 nou

112 1290 174 1333 unte
192 1291 272 1332 susus
289 1282 411 1349 persequi
465 1280 560 1349 rbarcs,
579 1281 712 1350 utrimque
729 1279 784 1350 jam
803 1279 902 1333 victore
919 1281 1017 1334 instare
1112 1337 1115 1341 ,

113 1349 274 1420 fugientibus
285 1349 381 1418 coepit.
418 1349 493 1410 Haud
507 1349 621 1418 amplius
634 1367 722 1419 regern
735 1366 817 1418 quam
829 1349 902 1403 ruille
915 1350 1018 1419 equites

113 1419 299 1488 sequebantur,
318 1435 380 1471 curn
405 1419 498 1486 ingens
523 1418 665 1484 multitudo
682 1418 795 1472 hostiurn
814 1418 928 1471 caderet.
966 1417 1018 1472 Sed

112 1490 229 1558 quisunt
241 1488 267 1540 in
279 1488 395 1556 victoria,
408 1497 454 1540 aut
467 1488 492 1540 in
506 1488 568 1556 suga
580 1489 669 1558 copias
686 1488 828 1541 numerati
863 1487 1018 1557 Agebantur

112 1574 174 1626 ergo
186 1575 203 1608 a
214 1566 269 1609 tarn
282 1557 374 1626 paucis
385 1573 510 1626 pecorum
522 1556 608 1625 modo,
618 1568 645 1610 et
657 1555 730 1611 idem
743 1567 839 1627 metus,
849 1559 894 1627 qui
906 1558 1018 1627 cogebat

113 1627 212 1694 sugere,
231 1626 363 1696 fugientes
382 1626 538 1678 morabatur.
575 1630 611 1680 At
628 1627 730 1696 Graeci,
750 1626 842 1696 quiin
863 1628 941 1680 Darei
960 1644 1018 1696 par·

113 1697 184 1750 tibus
202 1705 336 1764 steterant,
349 1698 467 1764 Amynta
484 1694 553 1748 duce
568 1696 682 1766 (praetor
699 1695 743 1749 hic
760 1695 905 1750 Alexandri
923 1696 1017 1766 fuerat,

113 1775 176 1819 tunc
200 1765 354 1835 transfuga),
378 1763 482 1833 abrupti
505 1783 521 1818 a
544 1766 649 1834 ceteris,
670 1765 742 1818 haud
766 1782 831 1820 sane
854 1765 1019 1833 fugientibus

114 1835 214 1888 similes
237 1843 383 1887 evaserant.
420 1833 527 1886 Barbari
556 1834 632 1902 longe
662 1833 794 1887 diversam
819 1834 911 1902 fugam
934 1835 1019 1887 inten-

113 1905 224 1957 derunt:
244 1904 297 1972 alii,
317 1920 369 1973 qua
390 1913 490 1956 rectum
510 1905 559 1955 iter
577 1905 603 1955 in
621 1903 757 1956 Persidem
776 1902 898 1972 ducebat,
911 1903 1018 1971 quidam

113 1975 224 2027 circuitu
248 1990 327 2043 rupes
350 1970 484 2041 saltusque
508 1973 637 2025 montium
655 1972 772 2025 occultos
793 1973 920 2042 petivere,
939 1973 1018 2042 pauci

114 2052 199 2096 castra
222 2043 309 2096 Darei.
345 2040 396 2095 Sed
419 2040 473 2111 jam
492 2041 537 2094 illa
560 2058 663 2111 quoqne
682 2041 764 2094 victur
780 2041 928 2110 intraverat,
947 2043 1018 2096 omni

114 2112 223 2182 quidem
252 2111 387 2182 opulentia
415 2110 489 2163 ditia.
525 2112 621 2179 Ingens
647 2111 703 2163 auri
727 2112 881 2191 argentique
905 2111 1016 2182 pondus,

114 2199 165 2235 non
196 2180 267 2250 belli,
298 2181 344 2234 sed
374 2179 494 2232 luxuriae
523 2190 686 2249 apparatum,
717 2180 879 2250 diripuerant
908 2180 1017 2234 milites.

114 2251 234 2318 Cumque
253 2250 311 2318 plus
330 2257 457 2318 raperent,
471 2253 568 2319 passim
588 2259 669 2302 strata
687 2260 761 2302 erant
780 2250 871 2302 itinera
882 2249 1020 2304 vilioribus

115 2321 231 2386 sarcinis,
250 2336 316 2387 quas
336 2320 360 2370 in
380 2318 734 2387 comparatione-meliorum
754 2320 864 2371 avaritia
884 2328 1018 2388 contemp-

114 2399 192 2440 serat.
228 2388 342 2455 Jamque
366 2387 400 2438 ad
425 2387 540 2442 seminas
565 2398 722 2456 perventum
751 2396 814 2455 erat,
841 2388 938 2457 quibus
966 2405 1018 2457 quc

113 2459 213 2510 cariora
236 2465 389 2509 ornamenta
412 2467 480 2526 sunt,
499 2456 639 2508 violentius
662 2455 883 2524 detrahebantur,
906 2472 940 2508 ue
963 2473 1019 2510 cor·

114 2526 220 2596 poribus
249 2524 355 2593 quidem
386 2525 427 2577 vis
449 2543 482 2586 ac
511 2524 592 2577 libido
615 2524 749 2594 parcebat.
784 2524 882 2592 Omnis
911 2524 1019 2594 planctu

114 2596 290 2663 tumultuque,
304 2603 378 2663 prout
397 2595 493 2663 cuique
512 2593 615 2646 fortuna
634 2601 697 2661 erat,
711 2593 883 2664 repleverant,
897 2611 947 2648 nec
964 2595 1019 2648 ulls

113 2666 197 2718 facies
209 2663 270 2716 mali
283 2664 381 2740 deerat,
394 2680 455 2716 cum
468 2681 515 2733 per
526 2679 620 2716 ornnes
630 2662 736 2716 ordines
747 2671 902 2732 aetatesque
913 2664 1019 2719 victoris

113 2733 254 2788 crudelitas
271 2749 303 2785 ac
322 2732 427 2785 licentia
439 2741 587 2801 vagaretur.
623 2732 699 2784 Tunc
717 2749 779 2784 vero
798 2733 951 2801 impotentis
967 2733 1018 2787 for·

113 2830 216 2889 placeto
228 2825 306 2876 which
316 2826 359 2894 'the
372 2826 429 2894 king
444 2827 558 2876 intended
569 2827 658 2882 tofles,
669 2828 718 2895 and
729 2827 818 2882 which,
831 2828 1016 2890 consequently,

113 2884 917 3006 ¹¹¹rt‘lltdltd¹tll⁰ttt⁸tlttlttttltlll¹¹ttfl2³t⁹⁶lr
935 2946 983 2995 aa

112 3023 167 3096 qap1
181 3021 221 3074 ses
235 3005 314 3052 Grum.
327 3003 403 3084 l'190.
831 2980 837 2994 ⁸
918 2963 934 3007 g
977 2961 1018 3009 mg

141 3064 627 3182 ⁸‘lihdrileplaigselittedintueachother.'
725 3164 728 3171 .
862 3163 866 3169 ,

142 3183 235 3244 ‘Aegre
244 3183 322 3230 nwliri
332 3181 361 3235 is,
377 3187 417 3227 ‘to
428 3195 499 3228 move
510 3196 524 3228 s
534 3186 599 3228 mass
610 3179 670 3228 with
681 3179 817 3241 difficulty!
850 3178 905 3228 The
919 3179 1018 3238 opinion

112 3242 140 3290 os
148 3241 247 3290 Curtius
258 3241 288 3294 is,
301 3239 352 3287 that
364 3254 378 3286 a
389 3238 466 3298 heavy
477 3239 574 3299 cavalry
585 3239 605 3287 is
616 3238 699 3300 nearly
710 3239 804 3288 useless
815 3238 851 3287 scr
861 3237 902 3287 the
956 3237 1016 3287 ticu-

112 3301 147 3349 lar
155 3301 249 3367 objecta
260 3297 288 3367 ql
294 3297 390 3367 cavalry
399 3297 423 3345 in
430 3297 535 3357 general.
565 3296 663 3346 Constat
672 3297 728 3347 bers
737 3314 830 3355 means.
842 3297 900 3347 ‘isv
926 3292 1015 3354 nablo:

111 3375 140 3409 cr
152 3365 159 3387 ⁴
168 3359 263 3408 dentes
273 3367 306 3406 us
316 3366 462 3418 importunes
473 3355 552 3404 lrcrn.⁹
