2274 3772
470 188 577 252 ¹thuan
597 189 661 228 rut.
964 175 1023 229 258

111 299 215 353 nuntios
234 297 340 351 daretur
357 297 433 350 fides.
470 297 569 364 Corpus
588 313 668 350 suum
688 304 714 348 et
734 313 844 364 regnum
866 296 1023 366 permittere

112 368 159 437 illi,
169 384 250 436 quem
262 368 338 420 sciret
351 366 459 436 gloriae¹
471 366 639 434 militantem,
649 364 717 419 nihil
728 366 815 434 magis
826 376 909 436 quam
921 365 1024 420 lamam

112 438 207 490 timere
219 437 355 506 perfidiae.
810 456 814 463 ¹

146 511 187 560 ta.
202 506 300 559 Laetus
312 505 481 574 simplicitate
498 503 603 557 barbari
622 521 670 556 rex
686 513 713 555 et
731 502 868 558 dexteram
881 503 945 558 fidei
959 521 1024 557 suae

113 575 210 645 pignus
227 576 309 644 dedit,
323 584 349 627 et
362 591 474 642 regnum
487 575 608 627 restituit.
644 572 707 626 LVI·
715 573 851 652 elephanti
864 584 944 643 eraut,
958 591 1025 644 quos

112 644 220 699 tradidit
237 645 397 710 Alexandro,
417 642 554 711 multaque
571 660 667 713 pecora
684 643 800 695 eximiae
826 644 1023 713 magnitudinis,

113 723 200 767 tauros
219 714 253 766 ad
274 714 314 767 lll
335 713 417 781 milia,
438 713 582 781 pretiosum
603 713 630 765 in
648 729 682 764 ee
702 712 807 779 regione
829 722 1024 782 acceptumque

112 785 210 836 animis
228 783 394 852 regnantium
411 791 571 835 armentum.
589 814 590 821 κ
607 781 750 840 Quaerenti
762 781 921 849 Alexandro,
935 782 1025 850 plures

113 853 287 921 agricultores
299 853 407 905 habetet
419 869 455 904 an
466 851 585 904 milites?
605 868 667 905 cum
679 849 783 903 duobus
795 852 902 920 regibus
914 851 1024 906 bellanti

113 923 165 975 sibi
185 921 285 991 majore
305 922 420 975 militum
440 937 520 989 quam
541 922 685 988 agrestium
708 936 789 973 manu
813 939 880 990 opus
903 939 963 974 esse
984 937 1024 974 re·

114 992 240 1061 spondit.¹
262 991 389 1044 Abisares
412 998 439 1042 et
462 990 545 1043 Porus
567 1000 650 1057 erant,
674 988 724 1042 sed
748 989 774 1042 in
798 990 864 1043 Poro
888 991 1023 1044 eminebat

113 1061 263 1113 auotoritas.
299 1060 417 1128 Uterque
440 1059 507 1112 ultra
530 1059 674 1128 Hydaspen
697 1076 807 1112 amnem
830 1060 977 1128 regnabat,²
997 1069 1024 1113 et

113 1129 178 1182 belli
199 1129 339 1196 fortunam,
360 1128 480 1197 quisquis
500 1145 575 1181 arma
594 1128 708 1196 inferret,
728 1129 840 1197 experiri
860 1129 1024 1182 decreverat.

113 1198 232 1267 Omphis,
251 1199 422 1266 permittente
438 1197 596 1267 Alexandro,
616 1206 643 1250 et
661 1196 764 1264 regiain
782 1199 885 1267 insigne
903 1199 1023 1268 sumpsit,

114 1276 141 1320 et
157 1285 231 1321 more
246 1268 333 1336 gentis
350 1284 415 1319 snae
433 1284 537 1336 nornen,
551 1267 620 1336 qnod
634 1268 715 1336 patris
726 1267 820 1319 suerat.
857 1268 967 1320 Taxilen
979 1285 1024 1337 ap·

114 1337 249 1407 pellavere
267 1336 414 1405 populares,
434 1346 563 1405 sequente
587 1337 693 1390 nomine
717 1337 867 1404 imperium,
887 1338 912 1389 in
932 1354 1024 1406 quem·

114 1423 220 1475 cunque
250 1406 392 1475 transiret,³
437 1406 519 1474 Igitur
548 1423 609 1459 cum
639 1424 687 1475 per
715 1407 831 1460 triduum
862 1406 1025 1474 hospitaliter

115 1476 297 1529 Alexandrum
327 1476 481 1543 accepisset,
506 1484 599 1544 quarto
623 1476 667 1528 die
690 1484 717 1528 et
740 1484 869 1544 quantum
899 1476 1025 1529 frumenti

114 1546 205 1615 copiis,
229 1562 297 1614 quas
324 1544 507 1614 Hephaestion
535 1545 655 1615 duxerat,
674 1544 824 1614 praebitum
847 1563 864 1597 a
889 1563 918 1598 se
944 1553 1023 1616 esset,

113 1615 236 1683 ostendit,
256 1623 283 1667 et
301 1631 397 1667 aureas
414 1631 523 1668 coronas
541 1615 592 1683 ipsi
610 1615 759 1684 amicisque
777 1615 907 1684 omnibus,
921 1625 1025 1684 praeter

113 1683 182 1737 haec
200 1685 295 1752 signati
312 1684 415 1752 argenti
432 1684 525 1737 LXXX
543 1684 641 1737 talenta
658 1685 726 1738 dono
744 1683 827 1736 dedit.
863 1684 922 1743 Qua
937 1685 1024 1753 benig·

113 1753 196 1807 nitate
208 1753 268 1823 ejus
280 1753 432 1807 Alexander
443 1754 510 1805 mire
526 1753 620 1821 laetus,
634 1762 661 1807 et
673 1770 742 1823 quae
756 1753 778 1805 is
790 1753 901 1806 dederat
913 1754 1023 1822 remisit,

115 1831 142 1876 et
154 1823 228 1876 mille
244 1823 344 1875 talenta
363 1840 399 1875 ex
413 1823 520 1891 praeda,
534 1840 617 1892 quam
629 1822 752 1891 vehebat,
765 1822 873 1891 adjecit,
886 1823 1024 1892 multaque

113 1892 260 1945 convivalia
272 1909 306 1945 ex
317 1908 380 1944 auro
392 1900 419 1943 et
432 1899 539 1959 argento
551 1908 624 1957 vasa,
638 1892 783 1960 plurimum
795 1892 918 1944 Persicae
932 1893 1022 1961 vestis,

112 1962 184 2014 XXX
196 1978 279 2030 equos
290 1977 324 2013 ex
336 1961 399 2027 suis,
412 1977 474 2013 cum
487 1960 582 2013 iisdem
597 1961 749 2028 insignibus,
763 1960 823 2029 qnis
834 1962 1026 2030 assueverant,⁴

112 2047 175 2082 cum
196 2031 282 2099 ipsum
302 2029 438 2082 veherent.
474 2028 549 2087 Quae
569 2029 712 2082 liberalitas
730 2031 797 2081 sicut
818 2028 959 2083 barbarum
980 2031 1025 2084 ob-

113 2099 260 2165 strinxerat,
280 2099 317 2151 ita
334 2096 435 2151 amicos
450 2098 532 2167 ipsius
546 2099 721 2151 vehementer
738 2098 857 2151 offendit.
894 2099 1026 2168 Equibus

113 2167 259 2235 Meleager,
272 2185 351 2237 super
362 2183 474 2221 coenam
488 2167 598 2236 largiore
611 2169 672 2220 vino
683 2186 755 2236 usus,
768 2168 892 2236 gratulari
904 2187 932 2222 se
945 2169 1026 2223 Alex·

113 2237 193 2290 andro
206 2237 281 2306 dixit,
295 2238 365 2307 quod
378 2236 474 2290 saltem
492 2237 520 2290 in
538 2238 613 2291 ludia
625 2239 783 2308 repperisset
795 2237 905 2306 dignum
918 2240 1025 2292 talentis

114 2306 195 2360 mille.
232 2309 295 2376 Rex,
310 2307 380 2360 haud
397 2307 495 2360 oblitus
512 2325 593 2376 quam
610 2325 691 2376 aegre
710 2308 820 2374 tulisset,
836 2308 905 2377 quod
926 2309 1023 2362 Clitum

113 2376 147 2429 ob
165 2376 272 2444 linguae
290 2377 481 2430 termeritatem
499 2377 645 2446 occidisset,
663 2379 727 2430 iram
747 2377 857 2446 quidem
870 2378 962 2446 tenuit,
976 2378 1025 2431 sed

113 2444 187 2511 dixit,
197 2446 300 2499 invidos
308 2446 430 2499 homines
438 2445 504 2499 nihil
512 2445 593 2514 aliud,
602 2464 681 2514 quarn
693 2448 808 2515 ipsorum
818 2463 877 2498 esse
886 2455 1024 2500 tormenta.

148 2522 190 2569 tt.
210 2518 316 2569 Postero
339 2515 382 2567 die
406 2514 487 2582 legati
511 2515 639 2568 Abisama
668 2517 758 2568 adiere
788 2531 888 2582 regem.
929 2516 1025 2570 Omnia

113 2585 210 2638 dicioni
227 2586 292 2655 ejus,
306 2585 342 2636 ita
354 2593 382 2637 ut
395 2584 551 2637 mandatum
567 2594 630 2651 erat,
643 2583 848 2656 permittebant,
867 2584 1024 2654 firmataque

114 2655 227 2708 invicem
241 2654 301 2722 fide,
316 2655 482 2706 remittuntur
493 2653 528 2706 ad
541 2671 640 2725 regem.
676 2654 772 2707 Porum
789 2669 894 2722 quoqne
912 2654 1025 2709 nominis

114 2725 154 2777 sui
174 2725 246 2776 lama
264 2734 336 2776 ratus
352 2724 386 2776 ad
405 2723 567 2777 deditionem
584 2740 661 2792 posse
673 2722 805 2792 compelli,
819 2723 892 2775 misit
908 2724 943 2776 ad
961 2741 1024 2778 eum

113 2794 283 2860 Cleocharen,
299 2794 345 2863 qui
364 2793 531 2846 denuntiaret
543 2793 576 2862 ei,
590 2803 619 2845 ut
631 2792 793 2861 stipendium
846 2791 945 2862 nderet,
958 2803 986 2846 et
998 2794 1024 2848 in

113 2865 197 2933 primo
216 2880 323 2916 suorum
340 2862 433 2915 linium
450 2861 525 2914 aditu
543 2871 691 2915 occurreret
710 2862 773 2931 regi.
793 2916 796 2920 Α
831 2879 891 2914 orus
910 2862 1024 2918 alterurn

143 3018 151 3040 ²
164 3010 219 3058 ‘To
229 3013 259 3058 he
271 3025 375 3070 warnng
386 3010 422 3057 for
433 3010 518 3070 glory.'

141 3072 288 3126 'Abisares
306 3070 331 3118 in
347 3070 387 3118 the
404 3069 484 3125 north,
501 3069 606 3118 towards
622 3069 663 3118 the
679 3085 754 3130 upper
769 3079 821 3130 part
837 3070 865 3119 of
882 3071 923 3119 the
944 3072 1021 3127 river3

114 3129 192 3178 Porus
204 3128 296 3177 further
305 3128 385 3176 south.

142 3189 263 3237 'Taxiles
285 3204 335 3236 was
357 3186 475 3236 therefore
494 3203 509 3234 a
526 3186 579 3235 title
598 3187 626 3234 os
642 3187 743 3246 honour,
763 3189 878 3244 assumed
898 3190 931 3248 by
949 3203 1023 3249 every

114 3249 227 3296 monarch
241 3249 312 3296 when
328 3247 359 3297 he
375 3245 510 3295 succeeded
526 3257 551 3294 to
565 3246 608 3294 the
624 3245 717 3296 throne.
749 3248 787 3297 As
804 3258 828 3296 to
844 3250 966 3304 transiret,
979 3262 1021 3297 see

116 3307 195 3355 Grato.
207 3307 221 3359 i
232 3312 285 3364 355,
298 3318 354 3354 note
365 3311 386 3354 3.
420 3305 474 3353 The
486 3304 612 3365 capitulos
619 3305 668 3357 this
678 3306 761 3368 king’s
772 3318 873 3366 country
883 3323 934 3354 was
945 3306 1029 3366 called

114 3365 211 3419 Taxils.
224 3367 270 3415 and
282 3382 333 3414 was
343 3363 448 3413 situated
459 3365 573 3414 between
581 3364 625 3415 the
635 3364 714 3423 ludus
723 3364 987 3423 andtbffinbssnas.

143 3429 153 3454 ⁴
164 3424 268 3475 ‘Which
279 3426 339 3487 they
349 3423 446 3488 usually
456 3423 522 3477 hat:
