2274 3772
888 90 914 139 Ο

139 204 198 262 234
405 217 445 258 ur
468 217 574 258 casare
596 218 779 258 russanum.

140 327 331 400 spopondisset.
368 326 469 387 Quodsi
480 327 561 380 ceteri
578 326 707 396 dubitent,
721 327 903 397 semetipsum,
917 343 979 381 cum
1002 344 1053 381 rex

140 399 231 452 inisset
243 396 400 467 convivium,
412 405 601 466 prostraturum
619 397 693 449 humi
711 413 755 448 cor
774 414 814 449 us.
851 397 955 449 Debere
975 397 1051 450 idem

140 467 229 520 facere
241 477 351 536 ceteros,
364 477 391 519 et
402 465 534 534 imprimis
546 466 676 536 sapientia
688 415 834 536 praeditos:
853 466 887 518 ab
906 466 960 518 illis
973 467 1051 521 enirn

140 536 228 590 cultus
240 536 266 589 iu
279 545 369 604 regern
382 536 536 605 exemplum
548 553 608 588 esse
620 534 794 604 prodendum.
831 534 906 588 Haud
921 536 1051 605 perplexe

140 606 168 659 in
179 605 356 660 Callisthenen
369 605 531 673 dirigebatur
548 605 638 657 oratio.
674 605 798 658 Gravitas
815 604 862 658 viri
881 614 907 658 et
926 615 1052 675 prompta

140 675 258 729 libertas¹
276 675 361 727 invisa
378 683 434 727 erat
454 673 515 744 regi,
527 675 603 743 quasi
621 673 693 727 solus
709 674 874 727 Macedonas
891 685 996 744 paratos
1014 676 1051 729 ad

141 744 195 798 tale
207 745 365 814 obsequium
377 752 530 797 moraretur.

180 819 218 867 19.
238 814 264 867 Is
282 824 338 866 tum
356 813 462 866 silentio
482 812 559 881 facto,
572 829 655 866 unum
668 811 744 866 illum
759 813 923 867 intuentibus
941 816 1049 883 ceteris,

141 882 168 936 Si
193 900 246 953 rex,
266 882 358 963 inquit,
377 883 492 937 sermoni
516 895 561 935 tuo
585 882 713 950 affuisset,
733 882 833 936 nullius
856 882 973 952 prolecto
997 899 1052 938 vox

143 953 291 1022 responsuri
309 952 357 1005 tibi
373 952 582 1007 desideraretur:
602 953 660 1020 ipse
678 952 749 1006 enim
762 962 872 1021 peteret,
887 969 920 1004 ne
932 952 958 1004 in
970 969 1050 1022 pere·

161 1021 229 1074 rinos
252 1030 426 1091 externosque
445 1022 509 1074 ritus
526 1021 687 1089 degenerare
705 1038 734 1074 se
752 1038 867 1090 cogeres,
893 1037 945 1074 neu
967 1021 1051 1076 rebus

141 1038 299 1144 lelicieeime
311 1092 394 1159 gestis
407 1090 536 1144 invidiam
554 1090 600 1143 tali
618 1090 768 1144 adulatione
781 1089 959 1144 contraheres.
995 1091 1049 1145 Sed

142 1161 268 1230 quoniam
291 1161 375 1230 abest,
401 1177 451 1228 ego
474 1160 521 1214 tibi
543 1177 589 1230 pro
613 1159 658 1213 illo
682 1160 836 1230 respondeo,
850 1159 964 1213 'nullum
988 1177 1049 1215 esse

142 1230 258 1284 eundern
272 1238 299 1283 et
312 1229 465 1284 diuturnum
484 1238 511 1282 et
528 1231 717 1300 praecoqueml
728 1229 851 1296 fructum,
864 1229 1049 1300 coelestesque

142 1296 255 1353 honores
265 1318 316 1354 non
330 1299 432 1352 darete
445 1299 508 1369 regi,
521 1299 569 1352 sed
586 1299 699 1352 aulerre.
734 1299 874 1354 intervallo
892 1300 964 1352 enim
983 1317 1051 1370 opus

143 1375 191 1437 est,
203 1377 232 1422 ut
250 1369 372 1422 credatur
389 1369 463 1437 deus,
477 1385 635 1438 semperque
653 1367 722 1422 hanc
738 1369 850 1438 gratiam
869 1369 973 1438 magnis
984 1370 1051 1424 viris

142 1438 241 1507 posteri
265 1438 386 1491 reddunt.
422 1438 478 1505 Ego
497 1448 588 1491 autem
606 1454 694 1492 seram
711 1437 937 1492 immortalitatem
957 1455 1050 1507 precor

144 1507 207 1575 regi,
221 1515 250 1559 ut
262 1515 289 1559 et
301 1509 356 1559 vita
367 1505 490 1559 diuturna
507 1508 549 1576 sit,
563 1515 590 1559 et
607 1515 717 1560 aeterna
733 1506 869 1578 majestas.
905 1508 1050 1562 Hominem

143 1575 312 1645 consequitur
334 1575 483 1645 aliquando,
502 1593 639 1645 nunquam
656 1577 797 1630 comitatur
814 1577 948 1631 divinitas.
984 1578 1049 1631 Her-

143 1644 231 1698 culem
250 1645 373 1697 modoet
391 1645 496 1698 Patrem
515 1645 641 1698 Liberum
658 1655 827 1700 consecratae
846 1647 1051 1701 immortalitatis

60 1762 62 1766 .
143 1730 220 1768 exem
241 1713 267 1766 la
291 1713 433 1767 referebas.
469 1714 597 1767 Credisne
620 1714 679 1769 illos
702 1716 782 1769 unius
804 1713 918 1770 convivii
941 1716 1050 1770 decreto

142 1782 208 1839 deos
219 1732 323 1837 lictus?
358 1783 433 1836 Prius
444 1784 479 1838 ab
490 1783 575 1837 oculis
592 1785 743 1839 mortalium
762 1786 872 1840 amolita
886 1794 981 1840 natura
1000 1795 1049 1854 est,

161 1870 224 1907 uam
237 1853 263 1907 in
275 1854 379 1907 eoelum
395 1853 468 1907 lama
485 1853 662 1924 perveheret.³
696 1855 814 1909 Scilicet⁴
825 1873 875 1924 ego
887 1864 914 1909 et
926 1864 962 1923 tu,
976 1856 1050 1925 Cleo,

142 1869 207 1977 daos
224 1921 354 1977 facimus!
377 1940 394 1976 a
410 1924 487 1977 nobis
503 1923 649 1977 divinitatis
668 1940 732 1976 suae
752 1926 937 1978 auctoritatem
954 1941 1051 1995 accep-

142 1999 217 2046 turus
234 2001 274 2046 est
292 1991 354 2046 rex!
382 1994 528 2063 potentiam
546 2002 620 2046 tuam
639 1995 750 2063 experiri
767 1994 848 2047 libet:
869 1995 912 2048 fac
930 1994 1052 2063 aliquem

142 2077 241 2129 regern,
255 2063 277 2113 si
289 2062 369 2114 deum
382 2070 458 2132 potes
469 2063 566 2115 facere.
593 2061 708 2116 Facilius
720 2073 760 2117 eet
771 2064 875 2117 coelum
888 2064 959 2134 dare,
968 2081 1049 2133 quarn

142 2129 302 2199 imperium.⁵
337 2131 379 2183 Dii
397 2132 501 2200 propitii
520 2132 578 2184 sine
596 2132 700 2201 invidia,
715 2149 783 2202 quae
795 2132 858 2186 Cleo
871 2133 946 2202 dixit,
958 2133 1051 2186 audia-

142 2199 200 2268 rint,
220 2198 314 2252 eodem
335 2216 369 2252 ue
387 2216 472 2269 cursu,
486 2217 538 2269 quo
556 2200 655 2252 fluxere
675 2201 763 2255 adhuc
783 2219 833 2272 res,
852 2203 890 2255 ire
908 2203 1051 2272 patiantur.

142 2267 244 2322 Nostris
255 2216 372 2322 morllrus
380 2269 462 2322 velint
474 2286 521 2321 nos
533 2286 592 2322 esse
601 2279 744 2324 contentos.
774 2272 834 2325 Non
846 2272 928 2342 pudet
976 2272 1049 2341 triae,

142 2354 193 2390 nee
201 2338 329 2408 desidero,
342 2337 468 2407 adquam
479 2337 600 2392 modunr
611 2355 658 2392 rex
670 2339 735 2393 mihi
747 2341 874 2394 colendus
886 2341 927 2410 sit,
955 2342 1049 2395 iecere.

142 2408 214 2488 Quos
234 2407 359 2477 equidem
372 2407 484 2462 victores
503 2425 563 2461 esse
582 2409 714 2480 confiteor,
731 2410 753 2462 si
773 2411 807 2463 ab
825 2410 877 2464 illis
895 2410 977 2480 leges,
990 2412 1051 2480 quis

142 2493 271 2549 vivamus,
284 2477 439 2547 accipimus.

162 2577 179 2638 *¹
190 2610 305 2670 ‘Prompt
316 2610 466 2670 out-spoken
476 2611 654 2670 independenee
665 2611 693 2661 ol
704 2611 789 2719 spirit!
823 2611 987 2662 Callisthenes
999 2630 1050 2662 was

143 2670 252 2717 anative
273 2670 301 2718 ol
320 2670 453 2730 Olynthus,
471 2669 518 2718 and
533 2687 547 2719 a
562 2671 664 2720 relation
685 2687 715 2719 an
752 2672 852 2731 disciple
873 2672 901 2720 of
918 2673 1049 2730 Aristode,

142 2727 247 2788 through
263 2744 346 2777 means
362 2729 390 2777 ol
406 2728 488 2777 whom
503 2728 534 2777 he
550 2732 649 2778 became
665 2731 811 2790 acquainted·
824 2731 884 2779 with
899 2731 1049 2781 Alexander.

143 2785 182 2834 He
190 2788 358 2854 accompanied
366 2788 407 2837 the
417 2788 476 2850 king
484 2803 515 2836 on
524 2788 562 2837 his
573 2791 711 2849 expedition
720 2791 770 2838 into
778 2791 848 2847 Asia,
858 2791 882 2838 in
891 2791 931 2838 the
940 2793 1051 2852 capacity

143 2844 171 2893 ol
182 2844 396 2906 historiographer3
414 2848 460 2895 and
471 2847 509 2895 his
523 2847 624 2908 history,
637 2849 737 2898 entitled
750 2855 852 2909 Περσικὰ,
865 2865 915 2897 was
926 2851 1000 2899 much
1012 2867 1050 2899 es·

143 2903 239 2952 teemed
250 2905 282 2963 by
293 2905 461 2963 theancients,
474 2906 567 2968 though
577 2906 615 2956 his
626 2908 792 2969 descriptione,
806 2907 854 2957 &a
866 2925 930 2957 were
941 2910 1016 2970 given
1027 2911 1052 2958 in

143 2979 158 3012 a
168 2962 302 3011 somewhat
313 2964 441 3014 rhetorical
451 2965 524 3026 style.

170 3021 298 3078 ’Praecoa
311 3025 422 3083 genetiva
430 3027 567 3086 praecoquis
578 3040 605 3074 or
611 3029 736 3088 praecoce,
752 3027 929 3087 ‘prematurely
940 3027 1009 3086 ripa)

171 3093 180 3122 ⁸
190 3101 196 3122 ⁴
206 3093 300 3163 Nature
312 3095 370 3143 took
381 3095 448 3145 them
458 3113 528 3158 away
538 3097 600 3147 from
610 3098 652 3148 the
662 3099 727 3161 sight
738 3099 766 3148 of
772 3099 880 3157 mortuis,
893 3099 975 3148 before
986 3099 1052 3150 fame

142 3156 200 3203 bore
211 3154 278 3202 them
290 3163 341 3202 rnto
352 3154 462 3203 heaven?

171 3219 179 3242 ⁴
190 3220 196 3240 ⁴
207 3213 248 3262 No
258 3214 352 3267 doubt,’
366 3213 498 3274 ironically.

172 3281 180 3305 ¹
192 3273 228 3320 ‘lt
240 3273 259 3320 is
271 3288 301 3320 an
311 3272 388 3320 easier
398 3280 486 3321 matter
493 3273 529 3322 for
539 3290 587 3334 you
598 3275 659 3330 (that
669 3275 699 3332 is,
712 3276 838 3337 according
847 3286 874 3324 to
884 3291 945 3336 your
955 3287 1052 3338 system

140 3330 170 3379 of
177 3332 319 3392 procedure)
330 3341 356 3380 to
367 3331 448 3380 confer
458 3331 560 3394 divinity
570 3333 629 3403 than
637 3335 745 3394 empire.’

159 3410 170 3436 ⁶
183 3406 227 3456 ‘ln
240 3407 307 3459 what
317 3423 374 3473 way
382 3407 398 3459 ι’
410 3406 453 3458 the
472 3422 545 3458 sense
562 3407 597 3465 is,
608 3407 754 3467 ‘aoecrdmg
763 3416 791 3456 to
802 3407 958 3458 chatmeri’s
967 3424 1025 3472 way
1033 3411 1051 3470 ;'

120 3464 277 3522 endromis
292 3471 376 3524 ‘men'
389 3469 436 3523 the
451 3469 521 3538 Quos
530 3469 558 3519 ln
566 3467 613 3518 the
621 3475 685 3517 next
693 3475 811 3515 sentence
817 3463 904 3512 reicis.
