2274 3772
483 197 575 238 unua
595 197 659 238 viu.
968 181 1027 236 245

115 303 220 376 lectica,
233 306 382 374 margaritis
393 305 680 376 circumpendentibus,
694 305 817 359 recubat:
830 305 955 358 distincta
966 315 1027 359 suut

114 393 179 431 auto
197 386 223 427 et
241 385 355 444 purpura
367 376 484 443 carbasa,
499 389 568 444 quae
582 376 689 426 indutus
701 383 757 426 est:
776 375 898 427 lecticam
912 391 1027 443 sequun-

116 455 158 498 tur
175 445 270 498 armati
288 447 454 514 corporisque
472 444 604 510 custodes,
621 445 688 496 inter
703 461 769 512 quos
785 446 864 496 ramis
880 461 946 496 aves
964 461 1026 512 pan·

115 516 187 582 dent,
203 530 270 583 quas
287 523 365 566 cautu
385 515 460 567 seriis
480 514 558 567 rebus
575 513 737 582 obstrepere¹
755 513 910 566 docuerunt.
945 514 1026 582 Regia

114 593 221 637 auratas
241 582 378 636 columnas
402 584 499 636 habet:
525 593 592 635 totas
612 599 659 634 eas
680 582 741 635 vitis
758 599 822 634 auro
842 583 945 635 caelata
969 599 1026 652 per·

115 654 214 720 currit,2
231 653 383 721 aviumque,
402 669 512 721 quarum
531 653 589 704 visu
608 652 725 704 maxime
742 652 865 721 gaudent,
884 661 1026 720 argenteae

115 723 220 790 effigies
242 739 322 790 opera
346 722 530 790 distinguunt.³
569 722 652 789 Regia
674 721 834 774 adeuntibus
857 729 938 790 patet,
963 738 1026 774 cum

114 792 242 861 capillum
263 791 343 858 pectit
355 801 435 859 atque
447 800 536 843 ornat:
555 798 619 842 tunc
631 807 756 858 respousa
768 791 949 859 legationibus,
963 798 1026 843 tuuc

114 861 173 930 jura
191 859 359 929 popularibus
377 859 470 912 reddit.
507 861 628 928 Demptis
645 861 731 925 soleis,
750 860 874 912 odoribus
892 859 1027 912 illinuntur

115 929 207 1000 pedes.
244 929 363 981 Venatus
377 931 512 981 maximus
529 929 602 981 labor
619 940 659 980 est
677 929 779 982 inclusa
791 930 889 981 vivario
902 929 1027 981 animalia

116 1001 185 1052 iuter
198 1008 257 1050 vota
270 1008 417 1066 cantusque
436 999 563 1066 pellicum
581 997 671 1065 figere.
708 998 813 1050 Binum⁴
824 998 972 1052 cubitorum
986 1014 1026 1051 sa·

114 1069 198 1136 gittae
211 1079 278 1133 sunt,
292 1084 359 1135 quae
370 1069 493 1119 emittunt
505 1066 604 1135 majore
616 1067 673 1118 nisu
687 1084 766 1136 quam
779 1067 885 1120 effectu.
921 1068 1027 1137 Quippe

116 1137 208 1203 telum,
223 1135 299 1204 cujus
317 1136 344 1188 in
362 1135 471 1188 levitate
484 1136 525 1188 vis
540 1137 627 1187 omnis
644 1146 692 1205 est,
711 1136 818 1189 inhabili
838 1136 953 1205 pondere
965 1152 1026 1188 one-

117 1217 195 1258 ratur.
233 1204 355 1257 Breviora
373 1205 466 1257 itinera
484 1221 552 1273 equo
571 1205 690 1270 conficit;
709 1204 807 1272 longior
825 1207 870 1258 ubi
889 1205 1026 1274 expeditio

115 1283 165 1342 est,
179 1273 315 1342 elephanti
327 1274 426 1328 vehunt
443 1291 558 1343 currum,
571 1283 598 1326 et
611 1284 742 1326 tantarum
761 1274 901 1328 beluarum
919 1289 1028 1342 corpora

116 1354 170 1396 tota
193 1352 334 1410 contegunt
358 1360 430 1396 auro.
466 1346 507 1396 Ac
530 1361 564 1396 ue
588 1343 651 1412 quid
674 1345 785 1412 perditis
807 1344 926 1396 moribus
948 1343 1025 1411 desit,

115 1412 218 1465 lecticis
235 1414 324 1465 aureis
341 1413 466 1482 pellicum
488 1413 581 1481 longus
599 1412 661 1464 ordo
681 1430 710 1465 ee
730 1414 815 1466 uitur:
840 1421 991 1483 separatum
1010 1429 1027 1464 a

52 1480 56 1489 “
116 1482 223 1551 reginae
247 1482 336 1534 ordine
360 1499 456 1548 agmen
478 1493 525 1551 est,
546 1490 697 1551 aequatque
711 1430 861 1536 ltrxuriam.
898 1482 1026 1535 Feminae

114 1550 209 1621 epulas
227 1564 327 1619 parant.
363 1551 406 1604 Ab
420 1552 514 1604 iisdem
527 1552 619 1603 vinum
632 1552 800 1620 ministratur,
814 1551 892 1621 cujus
903 1552 1027 1604 omnibus

115 1621 189 1674 ludis
209 1620 298 1688 largus
317 1631 357 1673 est
377 1638 447 1674 usus.
484 1622 585 1689 Regem
607 1637 679 1673 mero
698 1637 843 1691 somnoque
864 1623 977 1690 sopitum
999 1620 1027 1672 in

110 1688 270 1743 cubiculum
294 1689 405 1760 pellices
425 1690 549 1759 referunt,
570 1690 653 1759 patrio
672 1692 790 1743 carmine
813 1692 930 1743 noctium
954 1689 1027 1741 invo-

114 1759 292 1812 cautesdeos.

151 1833 191 1878 33.
210 1828 275 1884 Quis
295 1828 386 1879 credat
406 1828 475 1880 inter
493 1828 561 1880 haec
580 1827 644 1879 vitia
662 1845 753 1880 curam
778 1845 839 1879 esse
863 1825 1026 1894 sapientiael

115 1897 205 1950 Unum
218 1905 323 1963 agreste
335 1905 362 1948 et
374 1896 510 1948 horridum
527 1913 612 1963 genus
624 1905 672 1964 est,
686 1897 766 1964 quod⁵
777 1897 911 1964 sapientes
923 1903 1026 1947 vocant.

115 1968 140 2019 A
161 1965 195 2016 ud
215 1965 264 2016 hos
280 1980 410 2033 occupare
429 1965 476 2016 sati
495 1965 567 2018 diem
585 1964 734 2034 pulchrum,
747 1974 774 2017 et
787 1965 861 2016 viros
875 1963 1028 2016 accremari

116 1982 215 2104 juhent,
230 2034 326 2101 quibus
338 2043 383 2085 aut
395 2034 484 2101 segnis
498 2043 573 2086 aetas
592 2043 638 2085 aut
655 2033 822 2086 incommoda
835 2033 957 2085 valetudo
970 2040 1025 2085 est:

115 2111 287 2170 expectatam
306 2114 419 2155 mortem
436 2120 482 2172 pro
499 2103 630 2155 dedecore
648 2102 720 2154 vitae
738 2102 845 2156 habent.
881 2104 940 2156 Nec
958 2101 1028 2155 ullos

115 2172 276 2242 corporibus,
297 2189 366 2241 quae
385 2181 508 2225 senectus
529 2172 613 2240 solvit,
633 2171 717 2225 honos
739 2172 871 2225 redditur:
895 2171 1027 2242 inquinari

116 2249 210 2310 putant
224 2242 320 2309 iguem,
335 2243 383 2294 nisi
402 2242 448 2310 qui
466 2242 596 2310 spirantes
608 2243 709 2310 recipit.
746 2242 794 2311 llli,
808 2242 853 2310 qui
872 2242 899 2294 in
918 2241 1028 2293 urbibus

116 2309 231 2379 publicis
242 2311 360 2363 moribus
369 2311 488 2379 degunt,⁶
497 2312 613 2363 siderum
626 2320 715 2364 motus
726 2312 791 2362 scite
804 2321 924 2378 spectare
937 2310 1028 2361 dicuu-

116 2387 159 2430 tur
172 2387 199 2430 et
211 2377 299 2431 lutura
311 2380 471 2448 praedicere.
496 2381 554 2432 Nec
566 2396 728 2448 quemquam
741 2379 884 2432 admovere
897 2379 942 2431 leti
955 2379 1027 2430 diem

116 2448 237 2515 creduut,
250 2449 293 2500 cui
307 2458 448 2518 expectare
463 2449 578 2500 interrito
591 2449 679 2501 liceat.
715 2450 786 2501 Deos
797 2457 890 2517 putant
901 2445 1029 2516 quicquid

117 2515 204 2569 colere
222 2521 384 2588 coeperunt,⁷
400 2520 507 2571 arbores
525 2517 651 2587 maxime,
664 2534 731 2586 qnas
743 2517 842 2570 violare
857 2516 965 2586 capitall
978 2523 1027 2568 est.

147 2639 223 2687 ΗΤο
238 2640 463 2710 interruptserious
479 2640 605 2697 matters?
618 2641 651 2700 by
662 2639 710 2688 this
724 2639 755 2688 he
770 2639 902 2688 insinuatas
918 2639 956 2688 his
971 2655 1027 2689 cou-

119 2697 430 2862 reppqunsguppeptqrpppe.
446 2757 530 2818 length
545 2749 603 2810 runs
614 2760 693 2807 avine
704 2757 792 2806 carved
802 2757 870 2813 (with
881 2757 922 2807 the
933 2759 1029 2812 caelum)

118 2816 218 2943 mgdei.
232 2890 287 2943 ures
297 2875 325 2924 of
336 2876 401 2924 birds
416 2875 441 2924 in
456 2874 529 2924 silver
540 2875 647 2936 improve
658 2875 727 2925 these
738 2874 828 2924 worlts’
840 2877 873 2937 by
884 2875 926 2925 the
937 2875 1029 2935 variety

119 2933 200 2982 which
211 2944 220 2981 t
239 2949 270 2994 ey
281 2934 412 2982 introduce.

148 2992 223 3040 ‘The
235 2993 340 3054 genitive
351 2993 379 3042 ol
391 2994 544 3044 distributive
561 2993 684 3042 numerale
699 2993 721 3042 ie
736 2993 761 3041 iu
776 2993 817 3043 the
834 2993 967 3043 masculine
983 2991 1030 3040 aud

118 3062 205 3102 neuter
216 3067 281 3101 more
293 3053 431 3113 commonly
442 3071 481 3102 um
491 3054 550 3101 than
560 3070 633 3102 orum.
665 3053 712 3101 See
726 3052 806 3102 Grcm.
818 3052 832 3104 l
843 3057 893 3111 106,
906 3061 962 3101 note
975 3054 995 3099 1.

149 3119 157 3143 ¹
168 3110 238 3159 More
249 3112 387 3171 commonly
398 3129 462 3172 quos.
495 3113 541 3160 See
555 3112 635 3159 Grcm.
648 3111 722 3168 §2323
735 3116 757 3162 3.

147 3175 156 3201 ⁸
169 3170 240 3218 ‘The
249 3170 319 3219 other
326 3170 390 3218 class
398 3170 426 3218 ol
432 3171 472 3219 the
479 3170 597 3220 so-celled
605 3171 663 3219 wise
672 3186 736 3227 men,
746 3171 801 3220 who
811 3170 857 3219 live
866 3171 891 3218 in
899 3169 940 3217 the
949 3167 1028 3224 cities,

118 3227 167 3277 and
177 3228 281 3278 conduct
291 3229 439 3279 themselves
450 3231 474 3278 in
485 3230 527 3278 the
537 3245 604 3278 same
616 3245 670 3290 wey
680 3246 707 3278 as
718 3229 788 3278 other
795 3229 869 3279 men!
895 3227 978 3276 These
989 3241 1029 3275 are

119 3285 297 3395 qliiqtqrguisped
312 3287 373 3337 from
389 3288 430 3336 the
445 3291 565 3338 borridum
577 3306 654 3352 genas
670 3287 809 3339 mentioued
822 3286 913 3343 before,
925 3286 982 3334 who
991 3299 1029 3334 te-

158 3361 172 3394 e
200 3358 244 3394 rrrt
263 3357 396 3396 eoouotr.

144 3402 158 3432 '¹
170 3404 337 3476 ‘Everything
387 3405 425 3457 iob
435 3406 482 3459 hu
492 3422 555 3461 once
565 3407 666 3460 excited
674 3375 743 3459 tbe'n
751 3399 902 3455 adorabunt

147 3462 214 3512 'ke
222 3473 289 3524 uoto,
302 3465 352 3516 vui
364 3470 402 3518 15.
