2274 3772
442 229 443 232 ,
493 205 585 244 ursus
606 204 669 243 vrrr.
978 182 1036 250 2229

116 319 215 364 'tamen
228 313 341 378 gratiam
353 313 452 366 meriti¹
465 314 574 365 sceleris
586 316 716 382 atrocitas,
729 315 934 386 denuntiarique
955 316 1035 386 ussit,

127 389 155 434 ut
178 381 318 434 excederet
342 385 442 451 castris,
468 400 520 435 neu
548 383 672 434 licentiae
701 384 827 437 barbarae
850 403 948 456 exemp
959 404 988 438 ar
1010 388 1036 440 in

125 453 285 505 Graecorum
299 469 384 505 mores
396 463 422 504 ct
436 453 510 505 mitia
521 454 627 520 ingenia
640 455 799 505 transferret.

164 526 201 573 13.
222 522 318 592 Dahae,
338 523 498 592 Spitamenis
515 524 598 576 caede
617 534 758 592 comperta,
773 525 977 594 Dataphernem,
992 525 1036 578 de·

125 591 249 645 fectionis
267 594 326 662 ejus
344 596 508 664 participem,
523 597 640 646 vinctum
657 594 807 646 Alexandro
826 612 907 663 seque
927 596 1035 648 dedunt.

125 662 180 729 Ille,
196 665 313 715 maxima
332 666 510 732 praesentium
529 682 650 716 curarum
671 674 744 732 parte
762 664 894 731 liberatus,
908 667 1036 718 convertit

125 732 245 785 animum
259 733 292 784 ad
307 734 480 786 vindicandas
498 735 609 804 injurias
625 751 724 802 eorum,
738 734 834 802 quibus
846 751 862 784 a
874 735 1036 803 praetoribus

126 803 180 855 suis
193 820 271 854 avare
284 820 316 854 ac
329 805 441 872 superbe
454 805 641 873 imperabatur.
678 805 746 870 Ergo
765 803 954 871 Phratapherni
970 806 1034 874 llyr-

126 873 231 924 caniam
252 882 279 923 et
301 873 409 925 Mardos
432 892 492 926 curn
519 874 632 942 Tapyris
656 873 769 941 tradidit,
790 875 986 943 mandavitque,
1008 883 1035 926 ut

126 942 284 1010 Phradaten,
306 944 347 994 cui
373 944 542 1011 succedebat,
564 945 598 995 ad
623 960 651 995 se
675 943 702 995 in
727 943 875 994 custodiam
899 945 1036 996 mitteret.²

121 1013 241 1078 'Arsamh
273 1013 435 1079 Drangarum
467 1013 608 1082 praefecto,
639 1013 797 1064 substitutus
827 1023 867 1064 est
898 1013 1035 1082 Stasanor,

126 1083 240 1132 Arsaces
263 1082 288 1132 in
313 1082 434 1134 Mediam
457 1083 561 1151 missus,
583 1093 612 1134 ut
633 1082 768 1151 Oxydates
792 1081 852 1134 inde
877 1082 1034 1136 discederet.

126 1151 279 1218 Babylonia,
293 1152 429 1203 demortuo
441 1153 562 1220 Mazaec,
577 1153 694 1205 Stameni
707 1152 828 1221 subjecta
841 1163 889 1204 est.

164 1226 203 1272 14.
223 1221 270 1271 His
282 1221 435 1289 compositis
452 1223 527 1275 tertio
548 1239 641 1274 mense
662 1239 696 1274 ex
716 1221 843 1274 hibernis³
860 1222 943 1274 movit
962 1238 1035 1273 exer-

126 1291 217 1355 citum,
232 1292 374 1359 regionem,
389 1309 456 1359 quae
471 1293 580 1344 Gabaza
598 1292 753 1363 appellatur,
767 1291 910 1343 aditurus.
932 1292 1036 1343 Primus

125 1359 184 1412 dies
201 1360 324 1428 ,quietum
348 1361 398 1413 iter
421 1362 558 1430 praebuit:
583 1361 719 1430 proximus
742 1362 767 1413 ei
789 1360 905 1413 nondum
926 1360 1035 1430 quidem

125 1430 287 1499 procellosus
311 1440 337 1482 et
363 1433 451 1499 tristis,
475 1431 611 1483 obscurior
636 1431 878 1500 tamen‹pristino,⁴
902 1448 951 1482 non
979 1431 1034 1483 sine

125 1499 206 1552 minis
223 1502 368 1553 crescentis
385 1500 450 1554 mali
469 1501 613 1570 praeteriit.
649 1500 738 1553 Tertio
751 1502 785 1554 ab
797 1502 868 1553 omni
881 1510 955 1569 parte
967 1500 1035 1553 coeli

125 1571 241 1622 emicare
255 1571 365 1638 fulgura,
381 1580 407 1623 et
420 1588 490 1623 nunc
502 1570 673 1623 internitente
686 1571 754 1639 luce,
769 1588 839 1624 nunc
857 1571 970 1639 condita,
984 1587 1036 1622 uon

124 1641 215 1692 oeulos
236 1641 314 1693 modo
335 1643 459 1693 meantis⁵
478 1641 617 1710 exercitus,
639 1641 686 1693 sed
711 1642 793 1693 etiarn
814 1642 917 1694 animos
938 1650 1035 1692 terrere

124 1719 275 1778 coeperunt.
321 1711 383 1763 Erat
407 1728 488 1780 prope
512 1710 651 1762 continuus
674 1711 741 1762 cosli
766 1710 858 1780 fragor,
884 1719 911 1762 et
934 1709 1035 1779 passim

124 1781 276 1832 cadentium
290 1781 434 1833 fulminum
446 1779 551 1849 species
563 1780 703 1833 visebatur.
734 1782 913 1849 Attonitisque
925 1779 1036 1831 auribus

124 1858 234 1918 stupens
251 1856 346 1917 agm‘en
366 1869 416 1903 nec
434 1849 561 1919 progredi,
576 1866 626 1901 uec
644 1849 788 1901 consistere
804 1851 928 1902 audehat.
966 1849 1035 1901 Turn

124 1929 233 1988 repente
247 1921 332 1972 imber
344 1920 500 1986 grandinem
512 1919 644 1971 incutiens
657 1919 777 1970 torrentis
788 1919 869 1971 modo
882 1917 1034 1970 effunditur.

124 1990 165 2040 Ac
177 1989 261 2056 primo
277 1990 384 2058 quidem
405 1991 486 2041 armis
504 1989 559 2040 suis
576 1989 639 2040 tecti
659 1997 826 2057 exceperant,
846 1987 894 2039 sed
912 1987 966 2056 jam
985 1996 1035 2038 nec

124 2059 237 2109 retinere
255 2075 330 2111 arma
348 2059 466 2111 lubricae
484 2066 511 2109 et
530 2059 646 2127 rigentes
663 2075 758 2109 manus
774 2066 901 2128 poterant,
916 2074 965 2109 nec
984 2056 1034 2126 ipsi

123 2127 264 2197 destinare,
285 2129 309 2180 in
329 2145 409 2198 quam
430 2127 563 2196 regionem
585 2128 752 2180 obverterent
772 2144 888 2197 corpora,
908 2145 969 2180 oum
988 2143 1035 2179 un-

122 2196 204 2266 dique
218 2200 383 2267 tempestatis
392 2198 517 2251 violentia
530 2198 620 2267 major,
634 2212 715 2266 quarn
726 2197 863 2266 vitabatur,
878 2206 1033 2250 occurreret.

123 2266 192 2334 Ergo
210 2267 345 2321 onlinibus
364 2269 457 2321 solutis
475 2284 521 2337 per
539 2276 623 2319 totum
636 2267 732 2320 saltum
746 2267 924 2319 errabundum
937 2283 1035 2334 agmen

123 2336 271 2405 ferebatur,
286 2339 415 2407 multique
429 2338 500 2408 prius
512 2346 593 2404 metu,
607 2354 688 2405 quam
701 2337 790 2389 labore
803 2337 950 2404 defatigati,
965 2351 1034 2404 pros·
1080 2397 1083 2405 ,

122 2414 254 2458 traverant
272 2407 347 2460 humi
366 2424 480 2476 corpora,
498 2423 661 2474 quamquam
680 2406 794 2459 imbrem
807 2406 848 2457 vis
862 2405 962 2473 frigoris
974 2420 1035 2455 con-

122 2484 193 2528 creto
211 2476 274 2544 gelu
292 2477 468 2530 astrinxerat.⁸
504 2476 557 2527 Alii
576 2493 604 2526 se
623 2475 756 2543 stipitibus
771 2475 892 2527 arborum
909 2474 1034 2527 admove-

838 2565 929 2573 -φ

151 2609 158 2632 ¹
172 2604 242 2650 ‘The
251 2604 294 2663 joy
305 2603 352 2650 and
362 2601 483 2662 gratitude
494 2597 600 2658 inspired
610 2600 643 2658 by
654 2597 695 2645 the
706 2598 798 2645 service
810 2567 926 2646 rendered
935 2566 1033 2647 tohiui-

121 2662 183 2712 sclf’

150 2722 232 2768 ῃ(ὶοῐῐι
251 2737 290 2769 are
301 2722 333 2768 vi.
347 2725 381 2768 13.
665 2755 668 2762 -

151 2787 159 2809 ³
171 2738 270 2836 whiilr,
284 2781 411 2840 according
422 2789 447 2827 to
457 2779 523 2826 what
534 2778 578 2826 has
589 2792 651 2836 gone
662 2775 753 2834 before,
766 2776 814 2825 had
825 2778 888 2824 been
898 2777 922 2825 in
933 2777 974 2826 tha
985 2778 1033 2827 dis-

123 2841 176 2889 trict
188 2840 216 2887 of
226 2841 344 2888 Nautaca.

151 2906 160 2927 ⁴
171 2899 316 2958 Equivulent
330 2909 354 2946 to
364 2901 448 2960 priore.

153 2959 315 3017 ‘Equivalent
335 2968 360 3005 to
376 2959 558 3020 progredientia.
591 2956 675 3023 Maure
690 2954 711 3002 is
727 2971 741 3002 a
756 2955 890 3002 somewhat
908 2972 968 3012 rare,
987 2957 1034 3004 and

122 3018 202 3065 rather
218 3018 320 3077 poetical
333 3018 407 3072 word,
421 3017 478 3064 used
496 3019 527 3076 by
540 3016 649 3070 Curtius,
664 3030 689 3062 m
704 3015 797 3062 several
813 3031 936 3075 passages,
952 3013 980 3062 of
993 3015 1033 3062 the

123 3078 206 3125 breath
220 3080 345 3139 (spiritur),
359 3078 418 3124 then
429 3076 456 3123 cf
463 3076 538 3144 rivers
550 3076 596 3123 and
607 3075 683 3134 ships,
697 3072 776 3121 which
788 3090 858 3122 move
870 3074 997 3133 according
1009 3084 1034 3120 to

122 3136 304 3261 alefiillihralfyii3
313 3136 543 3243 “ilrirfoogrrceessritfrihe
556 3193 609 3241 cold
620 3193 667 3241 had
678 3192 759 3240 bound
770 3193 811 3257 the
823 3193 874 3260 rain
884 3191 944 3257 with
955 3207 970 3238 a
980 3189 1032 3238 firm

121 3255 180 3303 frnst
191 3257 206 3312 ;'
225 3256 276 3302 that
293 3256 322 3311 is,
338 3256 393 3302 ‘the
411 3254 464 3302 cold
476 3269 526 3302 was
542 3269 570 3301 so
586 3253 689 3308 intense,
702 3252 754 3299 that
770 3251 811 3299 the
828 3249 1033 3318 rarn,whrch,had

121 3315 195 3362 fallen
206 3331 256 3362 was
268 3315 365 3375 already
376 3314 457 3362 frozen
466 3314 482 3360 :’
496 3313 537 3360 the
548 3312 689 3371 expression
704 3314 760 3374 gela
769 3319 876 3376 concreto
883 3325 910 3354 rs
916 3308 1048 3364 scemam

121 3374 158 3422 for
169 3375 209 3422 the
217 3377 283 3436 gelu,
296 3374 338 3422 the
349 3373 417 3430 host,
431 3373 452 3422 is
467 3381 511 3427 not
526 3371 595 3422 itself
610 3371 814 3425 maceratumbm
828 3377 853 3432 u
864 3364 961 3430 mauce
973 3376 990 3402 a
1004 3373 1086 3447 Μὴ

116 3443 252 3488 concretam,
266 3450 294 3482 cr
300 3436 403 3496 glaries,
416 3434 464 3484 ice.
495 3434 529 3484 In
544 3433 588 3484 tha
601 3446 675 3482 same
685 3420 941 3500 manncnvadnas
948 3428 992 3461 aa
1034 3422 1064 3453 ω

109 3494 208 3540 astrae'cto
215 3496 284 3554 gelu,
300 3495 398 3558 though
407 3499 469 3561 gelra
480 3497 617 3560 astringit,
629 3503 677 3544 not
688 3493 865 3546 catnngsur·
