2274 3772
501 172 591 214 arnan
611 176 651 215 rv.
988 163 1026 217 95

119 291 237 337 mutatus
249 292 305 336 est:
325 282 394 334 sedit
406 283 551 336 immobilis
563 284 661 352 (credo,
670 285 820 353 praecoqui¹
832 283 929 354 gaudie
942 288 1025 339 verita

121 355 219 405 irritare
243 352 393 421 fortunam),
418 352 485 405 adeo
510 364 544 421 ut,
564 354 627 422 quid
653 353 752 420 mallet,
777 354 939 407 intuentibus
963 373 1022 408 eam

120 422 199 475 fuerit
217 423 355 475 incertum.
393 422 463 473 Inter
487 425 554 474 haec
578 423 711 500 Menidas,
729 422 881 491 praefectus
904 425 1024 545 equitum

120 492 271 559 Alexandri,
290 509 351 544 cum
370 492 462 559 paucis
486 491 579 543 turmis
602 508 680 560 opem
705 490 904 560 rmpedimentis
933 505 1024 547 aturus

117 561 269 629 advenerat,
290 562 420 612 incertum
445 577 526 612 suone
545 562 661 627 consilio,
681 579 713 612 arr
733 560 801 628 regis
824 562 951 630 imperio,
975 564 1022 616 sed

118 648 168 683 non
187 631 310 683 sustinuit
331 629 517 681 caucasiorum
538 630 747 698 Scytharumque
768 630 905 701 impetum,
924 633 1022 701 quippe

119 702 161 752 vix
183 708 310 768 temptato
322 699 467 750 certamine
488 698 582 766 refugit
602 698 634 750 ad
656 716 754 767 regern,
767 699 924 755 amissorum
941 704 1022 769 impe·

117 769 296 822 dimentorum
326 767 402 818 testis
428 768 521 835 magis,
545 785 626 836 quam
651 767 756 820 vinifera
799 769 861 822 Jam
884 771 1022 823 consilium

116 838 260 891 Alexandri
274 836 346 889 dolor
358 836 472 888 vicerat:
493 847 520 888 et
537 855 570 888 ne
589 854 651 888 cura
665 837 838 906 recuperandi
850 855 898 890 sua
910 839 1021 895 militem

116 925 133 960 a
145 907 243 976 proelio
255 915 395 972 averteret,
407 923 458 958 non
478 906 609 958 immerito
622 906 769 958 verebatur.
805 907 897 976 Itaque
914 911 1020 975 Areten,

116 977 215 1098 dpcem
226 975 403 1054 'hastatorum
421 975 623 1045 (sarissophoros
641 975 790 1046 vocabant),
810 976 937 1030 adversus
960 978 1021 1047 Scy·

118 1057 179 1098 llas
196 1054 284 1097 mtltll.

153 1120 196 1166 57.
215 1115 285 1166 inter
305 1111 373 1165 haec
391 1128 489 1182 currus,
503 1114 549 1182 qui
568 1113 638 1165 circa
658 1112 733 1180 signa
751 1113 837 1183 prima
854 1114 1022 1168 turbaverant

118 1185 214 1248 aciem,
228 1183 254 1236 in
273 1181 431 1252 phalangem
449 1183 546 1234 invecti
564 1192 646 1235 erant.
682 1181 847 1236 Macedones
864 1185 1023 1238 confirmatis

118 1253 215 1305 animis
237 1252 264 1304 in
287 1251 406 1304 medium
430 1269 526 1320 agmen
549 1252 690 1321 accipiunt.
727 1251 803 1304 Vallo
828 1251 922 1306 similis
950 1256 1023 1307 acies

118 1331 190 1374 erat:
208 1320 346 1390 junxerant
366 1321 462 1390 hastas,
482 1330 509 1374 et
532 1321 567 1374 ab
585 1332 695 1390 utroque
714 1322 796 1375 latere
817 1330 918 1375 temere
939 1323 1022 1376 incur·

118 1391 231 1444 rentium
250 1389 293 1442 ilia
311 1389 508 1447 suffodiebant.¹
542 1391 686 1444 Circumire
703 1390 801 1444 deinde
819 1408 911 1444 currus
928 1402 953 1444 et
965 1411 1021 1462 pro·

116 1469 277 1530 pugnatores
295 1461 465 1529 praecipitare
489 1461 652 1532 coeperunt.³
687 1460 784 1528 Ingens
802 1463 876 1513 ruina
894 1478 1020 1530 equorum

115 1531 318 1598 aurigarumque
341 1530 429 1583 aciem
452 1529 639 1600 compleverat.
675 1529 710 1582 Hi
734 1530 837 1584 territos
859 1547 950 1598 regere
970 1549 1019 1584 non

116 1607 244 1669 poterant,
265 1598 311 1667 qui
331 1597 424 1651 crebra
443 1598 586 1666 jactatione
606 1598 739 1652 cervicum
759 1616 812 1651 non
832 1599 923 1668 'ugum
943 1601 1021 1653 modo

116 1676 295 1737 excusserant,
315 1666 363 1721 sed
386 1669 468 1721 etiarn
491 1686 583 1721 currus
605 1675 769 1721 everterant:
795 1686 830 1720 vu
860 1670 925 1723 erati
945 1671 1020 1722 inter·

115 1736 201 1790 fectus
219 1736 364 1806 trahebant,
378 1754 428 1789 nec
442 1738 587 1791 consistere
607 1737 696 1805 territi,
710 1754 761 1792 nec
779 1739 898 1806 progredi
919 1739 1021 1792 debiles

115 1814 244 1875 poteraut.
281 1806 385 1858 Paucae
414 1815 503 1859 tamen
533 1823 643 1859 evasere
671 1805 816 1874 quadrigae
845 1807 871 1859 irr
902 1807 1021 1861 ultimam

115 1877 212 1945 aciem,
234 1876 276 1944 iis,
289 1875 387 1944 quibus
404 1875 559 1943 inciderunt,
572 1875 718 1928 miserabili
737 1885 822 1944 morte
842 1877 1019 1946 consumptis:

114 1944 178 2013 quip
231 1953 369 2014 amputata
386 1946 500 1998 virorum
520 1946 639 1998 membra
663 1943 739 1996 humi
760 1943 892 2015 jacebant,
912 1957 939 1998 et
959 1947 1022 2015 quia

115 2014 168 2068 cali
188 2015 209 2066 is
221 2013 311 2067 adhuc
323 2013 475 2067 vulneribus
494 2013 587 2066 aberat
605 2013 685 2082 dolor,
701 2014 785 2066 trunci
804 2019 957 2083 quoque-et
976 2016 1021 2068 de·

113 2083 183 2137 biles
202 2100 344 2136 armenon
364 2083 541 2153 omittebant,⁴
560 2085 653 2153 donec,
674 2083 757 2136 multo
776 2085 904 2152 sauguine
927 2084 1019 2153 effuso,

114 2154 258 2207 exanimati
280 2153 490 2222 procumberent.
527 2154 635 2206 interim
658 2155 761 2220 Aretes,
786 2153 951 2223 Scytharum,
976 2157 1021 2224 qui

115 2220 306 2291 impedimenta
323 2221 489 2292 diripiebant,
508 2223 578 2276 duce
595 2223 688 2291 occiso,
705 2223 811 2290 gravius
829 2224 925 2277 territis
935 2225 1020 2278 insta·

115 2293 170 2347 bat.
187 2346 189 2350 ,
206 2292 385 2359 Supervenere
403 2291 499 2344 deinde
511 2310 528 2343 a
541 2294 625 2345 Dareo
638 2292 774 2355 Bactriani,
786 2309 945 2371 pugnaeque
964 2311 1020 2345 ver·

115 2369 172 2414 tere
191 2359 329 2413 fortunam.
364 2361 444 2413 Multi
467 2378 527 2430 ergo
550 2362 731 2415 Macedonum
754 2376 838 2431 primo
857 2363 958 2430 impetn
976 2362 1020 2415 ob-

116 2430 168 2484 triti
188 2438 255 2497 sunt,
275 2427 363 2497 plures
380 2429 413 2481 ad
433 2429 614 2483 Alexandrum
631 2429 790 2496 refugemnt.
826 2430 895 2482 Tum
916 2431 1019 2500 Persae,

114 2499 231 2554 clamore
239 2496 349 2565 sublato,
358 2499 467 2568 qualem
475 2499 588 2551 victores
597 2497 681 2550 solent
693 2496 780 2566 edere,
794 2498 915 2551 ferociter
927 2499 952 2552 in
962 2499 1020 2552 bos-

115 2578 179 2637 tem,
189 2566 265 2637 quasi
271 2566 370 2636 ubique
378 2569 551 2637 profligatum,
561 2567 730 2620 incurrerunt.
760 2567 911 2620 Alexander
920 2570 1020 2622 territos

114 2641 250 2706 castigare,
263 2635 402 2703 adhortari,
416 2637 552 2708 proelium,
565 2636 634 2706 quod
647 2635 702 2705 jam
720 2635 880 2707 elanguerat,
894 2637 964 2691 solus
976 2656 1019 2692 ae·

113 2707 236 2775 cendere,
249 2705 462 2775 confirmatisque
474 2706 582 2760 tandem
593 2705 697 2774 animis,
711 2705 748 2758 ire
761 2706 787 2758 in
799 2705 903 2759 hostem
913 2705 1008 2776 jubet.⁶

144 2828 151 2850 ¹
162 2821 198 2869 Or
207 2822 317 2882 praecoci,
332 2825 482 2878 ‘prenreture
491 2820 508 2877 ;’
521 2819 633 2878 literelly‚
649 2819 766 2878 ‘unripe’
793 2817 848 2866 The
857 2821 915 2868 verb
925 2837 1018 2882 coquere

114 2882 134 2929 is
146 2879 206 2928 used
217 2879 287 2926 when
299 2894 335 2925 we
347 2879 421 2937 speolr
433 2879 460 2926 of
467 2879 508 2926 the
519 2894 564 2926 sun
575 2894 601 2926 or
612 2878 667 2925 hcet
680 2877 811 2938 ‘ripenirrg¹
824 2877 900 2927 fruits.

141 2945 151 2969 ²
162 2939 248 2998 ‘They
259 2937 360 2985 stebbed
373 2938 397 2984 in
408 2937 449 2985 the
460 2938 526 2997 belly
537 2937 578 2985 the
590 2937 673 2997 horsea
684 2936 764 2985 which
775 2952 816 2985 ran
825 2939 920 2999 against
931 2939 1014 2986 thern.¹

112 2998 162 3047 For
169 2997 218 3046 this
227 3011 330 3055 purpose
341 2996 382 3043 the
393 2999 505 3052 sarissas,
518 3012 545 3044 or
554 3012 637 3055 epeers
644 2994 802 3056 twenty-four
807 2995 856 3044 feet
865 2996 930 3059 long,
940 2998 968 3045 ef
975 2998 1016 3045 the

114 3056 274 3106 Macedonian
284 3055 396 3114 infantry,
409 3071 472 3103 were
482 3071 542 3115 very
553 3055 608 3103 well
619 3054 697 3104 fitted.

141 3115 207 3163 ’For
217 3114 257 3162 the
269 3130 312 3162 use
323 3114 350 3161 of
357 3132 381 3163 co
414 3116 427 3170 ”,
436 3114 507 3161 when
516 3115 533 3161 it
545 3129 625 3162 seems
636 3113 728 3174 merely
736 3123 761 3162 to
772 3115 827 3175 give
838 3130 853 3163 a
863 3115 1015 3174 pictoresque

110 3173 183 3223 effect
196 3185 220 3221 to
230 3173 272 3221 the
283 3173 362 3220 action
375 3188 389 3220 o
414 3173 455 3220 the
467 3175 524 3220 verb
535 3173 553 3220 it
581 3188 676 3230 overns,
688 3189 729 3221 see
742 3173 803 3221 Zum
821 3187 840 3230 r,
853 3173 867 3224 i
878 3176 928 3222 753.

140 3233 234 3280 “Tho
269 3231 422 3280 hmuriluted
432 3232 479 3280 end
490 3247 571 3291 power
595 3247 629 3285 ss,
642 3232 701 3292 they
711 3232 761 3280 still
772 3232 795 3280 di
822 3240 864 3280 not
879 3231 937 3290 drop
953 3230 1016 3279 their

110 3292 191 3341 urme’
224 3292 248 3338 A
278 3291 449 3350 tbisisavery
460 3291 557 3350 graphio
567 3290 718 3351 decription.
827 3311 829 3316 ⁴

140 3359 148 3382 ¹
159 3350 198 3408 Up
208 3360 234 3398 te
244 3350 292 3398 this
303 3351 370 3406 time,
383 3349 424 3397 the
436 3349 607 3398 Macedoniam
617 3349 642 3397 in
652 3343 693 3398 the
709 3350 757 3399 line
772 3348 801 3397 of
811 3347 886 3398 battle
896 3347 943 3397 had
953 3349 1014 3396 been

108 3408 226 3470 occupied
236 3408 328 3469 merely
339 3409 363 3456 in
374 3408 503 3469 defending
514 3407 661 3457 themselves
671 3408 732 3456 from
742 3408 785 3456 the
794 3405 1017 3474 scytha-cheriem.
