2274 3772
489 118 586 183 urana
601 119 641 161 ιν.
978 100 1015 158 er

109 235 209 281 carent.
245 225 340 297 Neque
351 224 425 279 enim
441 225 474 278 ad
492 225 556 280 belli
568 227 709 281 discrimen
721 227 860 297 pertinere,
873 228 917 297 qui
929 227 965 282 ab
976 224 1020 280 his

110 295 234 366 Scythae,
252 297 333 371 quive
352 296 459 349 Cadusii
478 297 691 366 appellarentur.¹
725 297 765 351 Ob
785 296 813 350 id
834 297 930 366 ipsum3
948 295 1019 365 quod

110 366 192 434 ignoti
204 373 300 437 essent,
314 365 442 434 ignobiles
453 382 522 417 esse.
558 368 701 436 Nunquam
719 367 830 435 ignorari
843 367 911 418 viros
923 366 1018 418 sortes:

111 444 138 488 at
162 435 291 506 imbelles,
313 453 348 489 cx
369 434 479 488 latebris
502 435 557 488 suis
580 446 676 506 erutos,
700 435 766 488 nihil
789 446 892 506 praeter
913 435 1020 488 nomine

111 505 214 558 afferre.
249 505 413 558 Macedonas
426 504 521 558 virtute
533 515 676 575 assecutos,
689 522 723 560 ue
732 506 795 575 quis
807 515 860 558 toto
871 504 934 558 orbe
947 504 1021 557 locus

111 584 189 645 esset,
199 575 243 644 qui
256 573 402 627 taleariros
413 574 550 642 ignoraret.
576 576 742 629 Intuerentur
751 575 918 628 barbarorum
933 575 1019 626 incon-

111 644 197 711 ditum
218 661 330 713 agmen:
356 644 438 696 alium
459 643 525 698 nihil
543 652 648 714 praeter
665 643 786 714 jaculum
809 643 915 712 habere,
936 643 1020 697 alium

111 713 194 767 funda
215 731 280 767 sarra
298 712 402 782 librare,
419 715 515 783 -paucie
533 714 615 784 justa²
634 731 709 766 anna
728 730 797 768 esse.
833 715 924 782 Itaque
949 713 1021 765 illinc

130 783 200 836 lares
212 793 295 836 stare:
315 783 377 839 hinc
395 783 484 852 plures
502 782 683 836 dimicaturos.
719 784 778 837 Nec
796 783 928 854 postulare
942 800 978 847 se,
992 792 1021 834 ut

111 800 389 922 lirrtitercapesserent
402 852 537 923 proelium,
551 853 577 905 ni
590 853 647 922 ipse
656 853 752 905 ceteris
761 851 919 906 fortitudinis
928 851 1021 904 suisset

111 923 276 991 exemplum.
312 922 346 975 Se
369 931 431 974 ante
454 921 540 991 prima
560 922 634 990 signa
655 921 850 975 dimicaturum.
887 919 1021 991 Spondere

111 1008 159 1061 pro
178 1009 209 1043 se
230 1001 267 1043 tot
287 992 430 1060 cicatrices,
452 992 562 1044 totidem
582 992 696 1061 corporis
715 990 824 1047 decora:
850 991 917 1042 scire
943 992 1020 1060 ipsos,

111 1078 197 1115 unum
209 1077 295 1140 paene
313 1077 343 1112 se
360 1059 474 1130 praedae
487 1061 637 1115 communis
649 1069 781 1123 exsortem
803 1061 829 1113 in
842 1058 893 1112 illis
905 1059 1023 1112 colendis
1075 1112 1081 1127 ,

112 1130 290 1199 ornandisque
309 1131 445 1198 usurpare⁸
462 1131 585 1183 victoriae
605 1130 734 1200 praemia.
794 1146 843 1182 aec
863 1146 892 1181 se
913 1128 1023 1182 sortibus

113 1200 177 1252 viris
189 1199 286 1251 dicere.
322 1198 347 1253 Si
360 1199 404 1269 qui
416 1199 561 1254 dissimiles
572 1216 664 1253 eorum
677 1208 774 1268 essent,
788 1199 832 1266 illa
844 1199 928 1251 luisse
940 1199 1023 1250 dictu·

113 1285 188 1322 rum:
207 1269 361 1337 pervenisse
373 1286 411 1337 eo,
425 1269 495 1322 unde
507 1268 599 1338 fugere
612 1287 664 1322 non
682 1277 797 1338 possent.
833 1269 882 1321 Tot
895 1276 1022 1320 terrarum

114 1338 199 1409 spatia
208 1339 330 1407 emensis,
341 1347 377 1391 tot
389 1339 512 1392 amnibus
522 1339 709 1408 montibusque
722 1346 780 1418 poet
789 1346 893 1406 tergum
902 1336 1022 1459 ohp'ectis,

113 1408 165 1460 iter
177 1408 202 1459 in
215 1408 327 1478 patriam
340 1414 367 1460 et
384 1417 495 1478 penates
513 1425 594 1462 manu
607 1424 666 1462 esse
679 1408 841 1461 iaciendum.
877 1406 918 1460 Sic
950 1423 1022 1476 uces,

113 1478 153 1531 sic
165 1477 277 1546 proximi
290 1478 404 1531 militurn
418 1477 536 1532 instincti
548 1487 618 1531 sunt.

149 1551 190 1599 53.
210 1548 312 1600 Dareus
334 1548 359 1600 in
380 1547 457 1600 laevo
476 1564 557 1601 cornu
577 1556 641 1616 erat,
655 1549 758 1616 'magno
779 1563 885 1600 suorum
906 1545 1022 1615 agmine,

113 1616 227 1670 delectis
250 1618 371 1686 equitum
397 1617 571 1686 peditumque
598 1618 747 1687 stipatusz⁴
773 1624 1023 1686 contempseratque

113 1687 275 1756 paucitatem
299 1686 390 1755 hostis,
412 1689 527 1754 vanam⁶
549 1686 636 1740 aciem
660 1686 728 1755 esse,
753 1686 868 1739 extentis
890 1684 1014 1738 cornibus

113 1764 194 1808 ratus.
230 1756 362 1825 Ceterum,
382 1757 451 1809 siout
471 1773 547 1809 curru
567 1756 709 1824 eminebat,
728 1754 821 1808 dextra
842 1755 970 1824 laevaque
988 1723 1022 1806 ad

113 1825 312 1878 circumstantia
328 1826 437 1894 agmina
454 1826 544 1878 oculos
561 1824 708 1895 manusque
725 1824 924 1878 circumferens.
959 1823 1013 1875 Ter

115 1911 210 1963 rarum,
225 1894 316 1964 inquit,
330 1912 398 1965 quae
409 1894 531 1948 Oceanus
549 1894 611 1947 hinc
622 1894 706 1964 alluit,
720 1894 792 1946 illino
804 1893 903 1946 claudit
921 1891 1023 1945 Helles·

113 1973 216 2033 pontus,
265 1965 308 2017 ulo
326 1973 388 2017 ante
402 1964 511 2033 domini,
523 1963 579 2034 jam
597 1968 648 2016 no'n
666 1963 700 2016 de
717 1962 807 2033 gloria,
821 1963 868 2014 sed
881 1963 915 2014 de
928 1961 1022 2032 salute,

113 2042 148 2101 et,
167 2050 219 2102 quo
261 2034 340 2087 saluti
362 2033 529 2104 praeponitis,
549 2033 670 2087 libertate
693 2032 864 2114 pugnandum
888 2039 937 2084 est.
974 2031 1024 2084 Hic

113 2103 172 2155 dies
190 2103 338 2173 imperium,
358 2120 409 2175 quc
427 2103 528 2156 nullam
545 2102 663 2174 amplius
679 2103 745 2155 vrdit
764 2112 846 2170 aetas,
865 2111 910 2154 aut
928 2101 1023 2153 consti·

113 2172 191 2240 tuet,⁶
202 2166 247 2224 a'ut
259 2173 342 2226 finiet.
377 2174 456 2255 Apud
475 2174 619 2243 Granicum
637 2171 749 2226 minima
760 2173 855 2225 virium
873 2181 948 2241 parte
961 2187 1023 2224 cum

112 2241 189 2294 hoste
210 2242 385 2297 certavimus:
407 2241 434 2296 rn
452 2243 546 2296 Cilicia
563 2243 648 2301 victos
667 2241 742 2296 Suis
762 2251 863 2312 poterat
883 2241 1022 2309 excipere:

113 2327 213 2379 magna
225 2312 389 2365 munimenta
401 2314 474 2383 regni
486 2313 575 2382 Tigris
586 2322 665 2382 atque
678 2260 827 2381 liuphrates
836 2320 918 2363 eraut.
954 2310 1023 2360 Ven-

113 2389 173 2431 tum
185 2388 225 2432 est
237 2396 277 2450 eo,
290 2381 360 2434 unde
378 2381 512 2450 puleisne
530 2382 610 2450 fugae
626 2381 736 2450 quidem
754 2381 827 2433 locus
844 2389 903 2449 est..
929 2379 1024 2431 Omnia

113 2459 172 2501 tam
189 2448 291 2501 diutino
310 2450 380 2503 bello
401 2451 530 2503 exhausta
550 2460 609 2521 post
629 2461 733 2518 tergum
754 2458 830 2502 sunt:
854 2465 906 2501 non
924 2446 1025 2500 incolas

113 2535 176 2571 suos
188 2518 275 2587 urbes,
289 2534 341 2571 non
353 2519 467 2572 cultores
485 2519 584 2572 habeut
602 2528 697 2572 terrae.
733 2519 865 2589 conjuges
878 2526 1023 2586 quoquest

113 2586 190 2640 liberi
214 2598 360 2658 sequuntur
379 2588 449 2642 hauc
471 2589 567 2658 aciem,
588 2597 681 2660 parata
702 2588 822 2642 hostibus
844 2588 950 2657 praeda,
973 2586 1022 2638 nisi

143 2724 150 2746 ¹
163 2717 219 2766 The
231 2718 344 2766 Persians
355 2719 410 2778 give
422 2718 491 2766 these
502 2734 586 2767 names
597 2727 623 2766 to
634 2727 699 2777 parts
710 2716 738 2765 cs
749 2717 812 2766 their
827 2733 909 2777 army;
927 2720 969 2767 but
982 2717 1022 2766 the

113 2778 190 2825 tribes
206 2793 245 2825 are
262 2777 387 2825 unknown
403 2787 428 2825 to
444 2777 485 2825 the
497 2777 602 2834 Greeks,
615 2777 695 2825 which
709 2776 789 2825 would
806 2786 847 2824 not
864 2778 892 2824 he
909 2777 950 2825 the
966 2793 1022 2825 csse

114 2851 178 2884 were
194 2836 253 2897 they
267 2837 342 2898 really
356 2836 532 2898 distinguished
547 2836 583 2884 sor
598 2836 689 2885 valcur.
722 2835 781 2884 The*
791 2834 966 2885 Macedonicus
983 2852 1022 2884 are

114 2895 205 2943 known
215 2895 363 2956 throughout
375 2896 416 2943 the
428 2895 518 2944 world:
539 2896 608 2944 these
619 2895 736 2957 thoughts
748 2910 811 2944 were
822 2895 878 2943 well
889 2895 1022 2944 calculated

113 2955 264 3062 qqgrsieethe
275 2955 342 3015 pride
352 2954 399 3004 aud
411 2970 513 3016 courage
524 2954 552 3003 of
564 2955 604 3003 the
615 2953 717 3004 soldiers
728 2955 810 3007 whom
820 2954 960 3004 Alexander
971 2970 1022 3003 was

172 3029 237 3062 essrn
257 3049 262 3062 .

141 3077 151 3102 ⁹
164 3031 271 3133 ‘Proplsr
281 3074 365 3130 arms,’
377 3074 438 3122 such
449 3090 477 3121 as
488 3072 605 3122 deserved
616 3074 657 3121 the
668 3089 747 3123 name.

142 3136 152 3161 ⁸
164 3133 217 3180 ‘He
228 3133 376 3193 employed*
392 3134 496 3192 ‘spent’

141 3195 151 3220 ⁴
163 3191 280 3252 ‘Closely
290 3191 456 3240 eurrounded.'

143 3251 200 3299 'He
215 3251 357 3300 considered
374 3251 415 3298 the
432 3251 479 3298 line
495 3251 524 3298 oi
535 3250 610 3300 battle
621 3251 720 3309 sethin,
734 3252 813 3308 weak,
827 3249 1022 3308 unsuhstautialr

119 3310 717 3432 ”luhi‘iilliieffilillhnidllffiloe‘
800 3332 806 3341 “

164 3376 170 3397 ⁴
226 3387 239 3419 c
267 3386 287 3418 rs
313 3385 320 3428 3
364 3386 392 3418 ac
643 3405 649 3418 .
