2274 3772
479 178 571 219 arasa
592 179 656 220 vm.
957 162 1016 219 228

110 287 193 342 vitam
205 303 222 338 a
234 287 376 356 semetipso
390 287 496 340 datam:
515 286 566 340 hoc
578 286 651 339 enim
663 285 777 356 superbe
794 303 875 357 saepe
892 285 1016 356 jactasse.

110 360 199 427 Atque
211 355 286 409 illum
297 366 467 410 cunctantem
479 356 567 409 adhue
580 373 695 425 surgere,
709 355 754 425 qui
772 355 884 424 proximi
896 357 920 408 ei
934 357 1016 410 cubu-

111 436 192 496 erant,
214 425 316 494 injectis
338 427 475 495 manibus,
488 425 623 496 jurgantes
645 438 836 494 monentesque
856 426 1018 480 conabantur

110 495 252 548 abducere.
288 495 372 548 Clitus
394 512 456 548 cum
479 494 682 562 abstraheretur,
703 494 737 546 ad
760 495 900 563 pristinam
920 494 1025 549 violens·

112 565 186 618 tiam¹
209 564 247 617 ira
270 581 375 634 quoque
397 564 510 633 adjecta,
534 580 581 616 suo
607 574 713 634 pectore
736 573 840 631 tergum
864 563 935 617 illius
957 581 1018 618 esse

111 633 269 702 defensum
287 651 365 703 nunc,
378 644 518 712 postquam
537 633 603 685 tanti
621 633 708 686 rtreriti
726 633 890 701 praeterierit
903 642 1017 704 tempus,

111 705 192 756 etiam
221 703 380 756 memoriam
404 703 514 755 inrisam
537 719 597 754 esse
620 702 773 770 proclamat.
809 701 891 755 Attali
914 719 1019 772 quoque

112 773 224 826 caedem
243 772 393 842 objiciebat,
412 780 439 824 et
457 771 490 824 ad
508 771 631 824 ultimum
649 771 729 840 Jovis,
749 787 830 851 quem
848 780 950 841 patrem
969 772 1020 826 sibi

112 842 264 896 Alexander
275 854 413 909 assereret,
426 841 562 903 oraculum
574 839 693 907 eludens,
707 857 809 894 veriora
820 857 849 893 se
862 841 925 910 regi,
938 858 1021 911 quam

112 921 216 982 patrem
239 910 306 980 ejus,
331 910 497 979 respondisse
520 903 636 962 dicebat.
670 911 730 964 Jarn
756 917 859 962 tantum
883 910 937 962 irae
960 927 1020 963 con·

112 989 219 1050 ceperat
232 997 286 1049 rex,
300 989 429 1048 quantum
441 979 485 1031 vix
500 979 603 1032 sobrius
620 977 688 1031 ferre
706 979 842 1049 potuisset.
879 979 1021 1033 Enimvero

112 1049 186 1102 olim²
198 1065 271 1102 mero
283 1048 407 1101 sensibus
418 1047 503 1116 victis,
521 1065 555 1100 ex
572 1047 641 1100 lecto
660 1058 767 1116 repente
785 1047 912 1117 prosiluit.
947 1053 1021 1102 Atto·

112 1119 160 1172 niti
171 1117 260 1186 amici,
273 1135 307 1170 ne
320 1117 412 1187 positis
422 1117 539 1186 quidem,
550 1116 598 1170 sed
609 1115 723 1186 abjectis
734 1116 844 1187 poculis,
854 1126 1020 1187 consurgunt,

113 1189 139 1240 in
161 1197 286 1240 eventurn
306 1187 352 1257 rei,
392 1203 453 1240 narn
477 1195 549 1239 tanto
573 1187 608 1238 im
629 1196 674 1238 ctu
694 1197 802 1239 acturus
821 1197 900 1255 esset,
920 1187 1020 1243 intenti.

113 1257 273 1325 Alexander,
287 1266 361 1326 rapta
372 1203 470 1309 lancea
488 1273 523 1309 ex
539 1203 663 1308 manihus
680 1256 812 1325 armigeri,
826 1255 923 1315 Clitum
935 1255 1022 1310 adhuc

113 1326 210 1378 eedem
233 1325 339 1394 linguae
362 1325 566 1394 intemperantia
589 1324 720 1378 furentem
744 1333 881 1395 percutere
905 1334 1021 1394 conatus,

113 1411 130 1447 a
151 1395 302 1448 Ptolemaeo
325 1403 353 1449 et
375 1395 502 1447 Perdicca
516 1394 663 1448 inhibetur.
700 1394 823 1447 Medium
844 1393 976 1463 complexi
996 1403 1024 1446 et

113 1463 242 1517 obluctari
261 1473 475 1533 perseverantem
495 1463 680 1530 morabantur3
698 1462 876 1534 Lysimachus
892 1471 919 1515 et
940 1464 1023 1516 Leon·

113 1544 191 1586 natus
211 1533 292 1586 etiarn
312 1533 435 1587 lanceam
455 1533 629 1586 abstulerant.
666 1532 715 1585 llle
735 1533 852 1586 rnilitum
873 1533 956 1586 fidem
975 1533 1022 1586 im·

113 1601 226 1672 plorans,
239 1601 428 1672 comprehendi
446 1620 476 1655 se
493 1620 510 1654 a
528 1601 655 1682 proximis
672 1603 828 1671 amicorum,
848 1601 917 1670 quod
936 1603 1023 1655 Dareo

113 1689 197 1741 nuper
205 1671 354 1740 accidisset,
364 1671 505 1739 exclamat,
515 1688 674 1740 signumque
682 1671 747 1725 tuba
759 1672 822 1742 dari,
833 1680 862 1724 ut
874 1670 909 1723 ad
922 1671 1023 1750 regiam

113 1742 207 1794 armati
225 1741 333 1810 coirent,
354 1741 438 1812 jubet.
475 1742 545 1793 Tum
565 1756 627 1792 vero
647 1740 817 1794 Ptolemaeus
837 1749 864 1793 et
884 1740 1024 1793 Perdiccas

113 1810 227 1878 genibus
244 1810 361 1862 advoluti
378 1819 460 1879 orant,
480 1827 513 1862 ne
530 1809 557 1862 in
577 1819 632 1862 tam
650 1810 787 1879 praecipiti
805 1809 844 1862 ira
863 1817 1022 1877 perseveret,

114 1879 284 1948 spatiumque
308 1880 396 1951 potius
419 1879 508 1931 animo
531 1878 593 1930 det:
624 1878 713 1932 omnia
736 1887 839 1947 postero
863 1877 906 1930 die
933 1877 1025 1930 'ustius

114 1957 296 2001 executurum.
332 1947 383 2000 Sed
396 1947 502 1999 clausae
514 1955 588 1999 erant
600 1963 684 2014 aures,
698 1947 867 2015 obstrepente
880 1947 926 1998 ira.
973 1947 1024 1998 lta·

114 2033 167 2085 que
180 2017 312 2084 impotens
328 2016 423 2069 animi¹
435 2016 559 2085 procurrit
577 2015 605 2067 in
625 2015 712 2083 regiae
725 2014 896 2084 vestibulum,
910 2023 937 2066 et
949 2013 1024 2082 vigili
1100 2039 1103 2043 ·

115 2085 256 2138 excubanti
275 2085 351 2137 hasta
368 2085 464 2153 ablata,
483 2084 598 2148 constitit
619 2084 646 2136 in
665 2083 747 2154 aditu,
767 2101 821 2154 quo
838 2100 950 2136 necesse
968 2092 1025 2137 erat

115 2153 164 2221 his,
178 2155 223 2223 qui
241 2155 320 2207 simtd
338 2163 520 2222 coenaverunt,
534 2152 633 2222 egredi.
669 2152 798 2207 Abierant
815 2153 906 2206 ceteri.
942 2153 1026 2206 Clitus

115 2223 225 2276 ultimus
248 2224 306 2277 sine
334 2223 435 2277 lumine
457 2223 555 2277 exibat.
600 2223 687 2281 Quem
711 2239 765 2292 rex,
789 2224 911 2293 quisnam
934 2223 1025 2276 esset‘l

115 2294 264 2360 interrogat.
301 2293 444 2346 Eminebat
462 2294 544 2346 etiam
563 2292 588 2345 in
602 2309 666 2344 voce
684 2292 800 2362 sceleris,
819 2292 888 2361 quod
908 2292 1025 2360 parabat,

114 2361 244 2414 atrocitas.
282 2362 316 2415 Et
329 2362 374 2414 ille
385 2361 440 2431 jam
452 2379 503 2415 non
515 2378 588 2430 suae,
599 2362 647 2414 sed
660 2363 730 2430 regis
742 2362 796 2414 irae
805 2378 916 2430 mernor,
926 2361 1025 2414 Clitum

115 2446 183 2499 esse,
204 2441 232 2483 et
251 2429 286 2482 de
303 2431 422 2483 convivio
449 2433 521 2484 exire
548 2430 690 2500 respondit.
727 2432 800 2483 Haec
824 2430 939 2482 dicentis
956 2429 1026 2482 latus

116 2498 193 2552 hasta
216 2500 360 2553 transfixit:
385 2501 574 2568 morientisque
596 2499 727 2566 sanguine
751 2516 882 2570 aspersus,
907 2498 920 2551 1
944 2514 1022 2566 nuuc,

116 2569 200 2638 inquit
222 2568 256 2621 ad
271 2569 431 2639 Phillippum
443 2579 470 2622 et
483 2568 686 2623 Parmenionem
699 2576 726 2620 et
737 2568 868 2621 Attalum.

151 2643 175 2691 6.
194 2609 268 2691 lllale
287 2638 411 2691 humanis
428 2639 541 2708 ingeniis
559 2647 656 2690 natura·
668 2637 808 2707 consuluit,
822 2636 892 2706 quod
909 2636 1024 2706 plerum·

115 2724 168 2776 que
191 2724 242 2760 non
267 2706 355 2760 sutura
378 2707 425 2760 sed
449 2716 581 2761 transacta
604 2705 801 2776 perpendimus.
842 2705 946 2776 Quippe
970 2722 1024 2775 rex,

115 2785 257 2847 postquam
281 2778 320 2828 ira
345 2786 436 2831 mente
461 2778 619 2844 decesserat,
639 2776 721 2828 etiam
744 2776 872 2828 ebrietate
896 2775 1024 2845 discussa,

115 2846 325 2914 magnitudinem
346 2847 468 2900 facinoris
486 2864 544 2900 sera
561 2846 746 2897 aestimatione
765 2845 907 2914 perspexit.
943 2845 1025 2898 Vide·

116 2916 161 2969 bat
174 2925 236 2967 tunc
249 2915 391 2968 immodica
411 2916 533 2969 libertate
552 2915 675 2983 abusum,
688 2914 736 2966 sed
755 2914 871 2984 alioquin
889 2914 1026 2995 egregium

116 2984 186 3038 bello
205 2984 299 3052 virum,
313 2993 340 3037 et
358 2985 408 3038 nisi
427 2986 596 3039 erubesceret
610 2983 710 3053 frateri,
723 2984 876 3037 servitorem
895 3000 1026 3054 su1,occr·

145 3114 152 3136 ¹
166 3108 220 3157 ‘'I'o
231 3108 269 3156 his
280 3108 368 3157 former
378 3108 487 3156 violence
498 3107 548 3162 (the
559 3104 653 3155 natural
660 3122 736 3168 mccc
746 3107 822 3154 animi
830 3106 947 3155 contentio
957 3118 1024 3152 men·

117 3167 198 3217 tioned
213 3169 298 3222 above)
309 3167 377 3215 there
389 3183 440 3215 was
456 3182 511 3214 now
522 3165 600 3214 added
616 3165 708 3225 anger,’
726 3165 751 3213 in
764 3178 931 3224 consequence
942 3162 971 3211 oi
983 3161 1024 3213 the

117 3227 191 3275 insult
202 3227 230 3275 of
241 3227 315 3334 bein?
326 3226 412 3275 turned
422 3235 465 3294 cut
476 3225 504 3274 of
516 3225 557 3273 the
568 3239 694 3284 company.

144 3291 155 3316 ²
167 3286 234 3334 ‘Lon
263 3288 293 3334 be
304 3301 345 3334 ore
353 3286 370 3343 ;’
388 3289 443 3334 olim
453 3301 478 3333 rn
488 3285 529 3332 the
540 3294 582 3332 not
593 3283 737 3343 unlrequeut
747 3297 820 3332 sense
830 3279 859 3331 os
869 3282 966 3329 dadam.

145 3302 263 3393 ¹‘While
275 3345 351 3415 yrrath
363 3345 436 3407 raged
447 3344 531 3412 within
541 3343 610 3413 him!

145 3405 232 3454 “Not
243 3405 316 3467 being
325 3415 417 3455 master
426 3404 455 3454 os
466 3403 505 3454 hu
515 3403 684 3455 excitantem?
