2274 3772
168 185 224 241 let
432 197 471 237 nir
495 198 601 237 cassis
623 198 807 238 rsaxsiuiru.

165 309 211 379 qui
231 307 308 377 primi
328 306 444 376 agminis
466 316 548 376 erant,
569 315 672 360 mature
693 306 752 359 cibo
772 324 804 359 ac
824 307 931 376 potione
950 307 1081 390 firmatos,

74 426 78 435 .
165 377 276 448 implere
295 377 363 431 alios
382 377 548 456 utres„alios
567 394 639 446 vasa,
661 376 864 456 quibuscunque
887 393 959 445 aqua
983 388 1082 447 portari

201 455 262 515 sset,
281 445 365 516 jussit,
384 462 417 498 ac
437 463 492 499 suis
510 463 588 514 opem
608 445 685 498 ferre.
722 445 772 498 Sed
791 463 837 515 qui
857 449 1082 515 intemperantius

166 465 319 586 lineorum,
338 515 479 569 intercluso
497 515 591 584 spiritu
610 515 720 567 extincti
740 526 815 568 sunt:
837 516 975 584 multoque
996 517 1082 588 major

166 585 261 638 horum
281 601 408 639 numems
428 584 485 653 fuit,
506 601 587 652 quam
608 584 661 636 ullo
684 585 808 637 amiserat
832 585 939 654 proelio.
977 591 1016 639 At
1037 588 1081 640 ille

167 655 312 708 thoracem¹
324 655 412 707 adhuc
424 654 538 720 indutus,
552 670 602 706 nec
614 663 659 705 aut
671 654 731 706 cibo
745 655 861 706 refectus
872 665 917 706 aut
931 667 1005 725 potii,
1019 659 1083 726 qua²

167 724 291 777 veniebat
310 725 448 791 exercitus,
462 723 591 775 constitit:
614 740 663 775 nec
681 731 743 774 ante
761 722 794 775 ad
814 723 961 775 curandum
982 743 1081 796 corpus

168 795 284 862 recessit,
305 810 385 863 quam
405 792 574 862 praeterierat
597 809 708 859 agmen:
734 802 867 860 totamque
889 809 951 845 eain
972 811 1082 850 noctem

164 879 229 915 cum
249 880 344 930 magno
362 862 444 914 animi
463 870 536 914 motu
549 863 683 930 perpetuis
694 862 792 928 vigiliis
804 863 866 928 egit.
902 864 963 914 Nec
975 876 1083 932 postero

164 932 212 984 die
231 931 322 984 laetior
342 940 406 1000 erat,
426 932 489 999 quia
512 947 562 984 nec
585 931 690 997 navigia
711 931 834 997 habebat⁷
858 949 907 983 nec
926 949 994 1000 pons
1017 936 1084 1003 erigi

168 1009 277 1071 poterat,
291 1001 393 1054 circum
404 1017 511 1054 amnem
524 999 593 1053 nudo
607 1000 668 1068 solo,
683 1010 709 1052 et
722 1001 842 1053 rnateria³
854 1003 973 1054 maxime
987 1005 1083 1057 sterili.

169 1071 312 1124 Consilium
325 1070 411 1139 igitur,
420 1069 490 1138 quod
501 1086 581 1122 unuin
592 1071 738 1122 necessitas
747 1069 905 1138 subjecerat,
916 1070 975 1122 init.
1002 1073 1084 1126 Utres

168 1157 248 1209 qua-iri
268 1140 395 1209 plurimos
413 1139 565 1192 stramentis
585 1139 693 1191 refertos
713 1139 815 1191 dividit.
851 1139 901 1190 His
921 1140 1085 1197 incubantes

168 1219 337 1262 transnavere
361 1226 484 1261 amnem:
510 1208 608 1278 quique
632 1209 708 1276 primi
735 1209 889 1260 transierant
913 1212 939 1260 in
966 1214 1084 1265 statione

169 1288 250 1348 erant,
264 1280 327 1332 dum
342 1278 491 1348 trajicerent
504 1280 593 1334 ceteri.
607 1291 610 1295 ’
624 1279 680 1329 Hoc
693 1278 771 1330 modo
783 1288 857 1337 serto
870 1279 983 1331 deinum
995 1281 1045 1334 die
1058 1283 1083 1334 in

170 1348 292 1402 ulteriore
304 1349 359 1417 ripa
372 1357 454 1399 totum
468 1348 613 1400 exercituin
628 1349 755 1416 exposuit.

163 1448 166 1450 -
205 1423 245 1470 22.
265 1417 429 1486 lamque-ad
448 1416 784 1484 persequendum‘Bessum
803 1425 930 1468 statuerat
946 1421 1083 1490 progredi,

170 1503 233 1538 cuin
244 1503 284 1555 ea,
299 1501 367 1554 quae
380 1486 406 1537 in
418 1485 556 1552 Sogdianis
567 1488 661 1552 erant,⁴
672 1487 813 1553 cognoscit.
846 1485 1017 1554 Spitamenes
1026 1500 1085 1543 erat

170 1556 237 1607 inter
256 1570 349 1607 omnes
367 1556 467 1606 amicos
485 1555 626 1622 praecipuo
645 1554 741 1607 honore
759 1555 846 1608 cultus
862 1571 879 1606 a
898 1555 989 1608 Besso.
1030 1560 1084 1613 Sed

170 1623 251 1676 nullis
263 1623 365 1676 meritis
377 1622 498 1692 perfidia⁵
513 1623 628 1691 mitigari
646 1635 746 1692 potest:
766 1642 834 1693 quae
847 1632 935 1677 tamen
950 1629 1046 1680 minus
1057 1631 1084 1684 iu

170 1710 202 1746 eo
214 1693 300 1746 invisa
309 1709 371 1745 esse
382 1700 491 1762 poterat,
505 1693 568 1760 quia
580 1691 644 1746 nihil
657 1693 704 1746 ulli
718 1694 890 1747 nefastumin
904 1695 1030 1767 Bessum,
1046 1700 1084 1753 in·

166 1763 338 1816 ‘terfectorem
356 1762 426 1830 regis
444 1761 493 1831 sui,
507 1761 655 1815 videbatur.
691 1763 796 1816 Titulus
815 1763 922 1816 facinori
943 1768 1087 1834 speciosus

170 1832 375 1902 praeferebatur,
386 1831 502 1885 vindicta
510 1831 603 1884 Darei:
617 1831 664 1885 sed
677 1832 817 1902 fortunam,
827 1850 877 1885 non
890 1834 979 1888 scelus
988 1836 1086 1891 oderat

169 1901 252 1954 Bessi.
288 1903 412 1970 Namque
439 1909 467 1953 ut
492 1900 673 1955 Alexandrum
699 1901 799 1954 flumen
825 1904 912 1955 Oxum
937 1921 1086 1973 superasse

168 1971 291 2040 cognovit
315 1970 509 2040 Dataphernem
522 1980 548 2024 et
561 1971 696 2040 Carenem,
713 1971 809 2039 quibus
826 1989 843 2024 a
860 1971 941 2024 Besso
962 1978 1086 2030 maxima

170 2041 237 2092 fides
260 2011 415 2108 habebatur,
436 2040 461 2091 in
486 2041 641 2093 societatem
664 2041 795 2108 cogitatae
819 2041 867 2093 reit
886 2042 1002 2094 asciscit.
1044 2046 1086 2099 Illi

169 2109 316 2177 promptius
327 2109 445 2176 arleunt,⁷
459 2126 539 2176 quarn
559 2109 715 2176 rogabantur
723 2126 730 2176 3
748 2111 944 2180 assumptisque
957 2121 1019 2165 octo
1034 2115 1086 2168 foi·

170 2177 279 2229 tissimis
290 2176 438 2246 juvenibus,
449 2177 531 2229 talem
543 2178 633 2229 dolum
645 2178 790 2231 intendunt.
818 2179 985 2248 Spitamenes
994 2187 1085 2254 pergi-

171 2246 205 2298 ad
218 2246 337 2313 Bessum,
352 2255 379 2297 et
391 2246 499 2298 remotis
510 2246 620 2316 arbitris,
634 2250 794 2316 comperisse
812 2248 849 2300 ait
860 2265 905 2317 se,
920 2249 1045 2306 insidiari
1058 2263 1086 2307 et

170 2314 368 2385 Dataphernem
391 2323 418 2366 et
442 2316 577 2385 Carenem,
601 2324 630 2369 ut
645 2317 744 2370 ‘vivum
768 2315 917 2370 Alexandro
945 2321 1086 2376 traderent

159 2385 315 2453 2agitantes5
333 2401 349 2436 a
368 2395 454 2437 semet
472 2393 615 2454 occupatos
627 2403 685 2438 esse
699 2396 725 2438 et
739 2387 839 2439 vinctos
852 2388 943 2439 teneri.
982 2390 1086 2446 Bessus

170 2455 344 2523 tantomerito,
357 2462 387 2508 ut
399 2454 532 2523 credebat,
543 2454 680 2525 obligatus,
690 2453 786 2525 partim
798 2458 893 2524 gratias
905 2457 968 2527 agit,
983 2463 1085 2528 partim

825 2562 831 2566 1.
851 2561 971 2568 .-.--—..
978 2564 986 2568 .
994 2565 998 2569 .

199 2613 207 2635 ¹
218 2608 256 2654 A
268 2616 292 2654 to
303 2607 351 2654 this
362 2606 534 2662 construction,
547 2622 588 2653 sec
602 2605 681 2654 Grani.
694 2606 768 2663 l259,
783 2610 803 2654 1.

199 2670 209 2695 ⁵
220 2671 226 2693 ⁴
237 2665 277 2712 On
287 2666 328 2713 the
339 2665 405 2721 road,
418 2665 489 2725 along
500 2663 596 2712 which!

200 2724 301 2783 '‘Very
311 2724 427 2772 destitute
444 2723 471 2771 of
483 2723 594 2771 timherr’
612 2723 653 2771 the
669 2725 773 2784 genitive
790 2726 867 2785 might
878 2726 929 2774 also
940 2727 1003 2775 have
1016 2730 1083 2780 bean

171 2782 238 2830 used.
270 2782 409 2830 Alexander
427 2798 526 2888 appears
546 2794 571 2830 to
588 2783 648 2830 have
668 2783 781 2842 prepared
801 2785 841 2831 the
860 2787 920 2853 begs
937 2787 1084 2839 mentioned

171 2842 256 2896 above,
270 2841 349 2889 before
360 2841 390 2888 he
403 2841 445 2888 left
479 2851 551 2898 aetra,
566 2857 591 2889 as
603 2858 617 2889 a
628 2843 673 2890 last
685 2853 760 2890 resort
775 2843 810 2891 for
826 2859 934 2905 crossing
950 2845 992 2893 the
1005 2848 1082 2898 river.

172 2898 233 2947 'l'his
245 2899 315 2947 mode
326 2899 354 2947 of
365 2900 473 2960 crossing
491 2901 565 2948 rivers
584 2901 604 2948 is
622 2900 673 2949 said
689 2912 714 2948 to
729 2903 759 2949 be
776 2902 841 2962 quite
858 2918 971 2952 common
986 2905 1040 2954 still
1058 2910 1083 2956 in

171 2958 239 3007 those
251 2959 379 3006 countries.

198 3017 290 3065 “The
306 3026 367 3064 stata
383 3017 411 3064 of
423 3017 502 3066 affairs
519 3019 543 3066 iii
562 3018 700 3079 Sogdiana’
719 3019 760 3067 the
777 3021 888 3079 province
905 3021 929 3068 in
944 3021 1029 3072 which
1050 3025 1082 3076 he

171 3093 225 3127 now
236 3092 293 3124 was.

200 3136 273 3185 “rue
282 3135 434 3183 treacherous
443 3136 583 3195 disposition
592 3137 619 3184 of
627 3136 779 3195 Spitamenes
788 3138 858 3186 could
870 3148 909 3186 not
921 3141 952 3187 be
964 3140 1081 3194 softened

171 3197 242 3245 down
257 3197 272 3244 b
301 3210 347 3255 any
358 3194 501 3263 hindnesses
519 3195 605 3243 shown
623 3206 648 3264 tc
663 3196 713 3244 him
725 3198 761 3264 ,by
777 3197 882 3246 Bessus:
899 3201 999 3257 mentis.
1019 3201 1082 3254 kind

170 3256 261 3305 actions
272 3211 304 3316 dy
317 3253 395 3301 which
406 3253 498 3302 Bessus
509 3253 556 3303 had
568 3255 692 3302 ‘mented’
706 3255 744 3302 his
754 3255 873 3304 affection.

198 3322 207 3346 ⁸
220 3316 274 3363 ‘To
284 3315 353 3364 share
365 3314 389 3361 in
400 3313 437 3361 his
448 3313 549 3374 design’
581 3313 628 3363 Rei
636 3317 750 3376 cogitatae
763 3314 784 3362 is
795 3315 855 3364 used
866 3316 890 3363 in
900 3316 1043 3375 preference
1054 3332 1081 3371 tc

163 3377 203 3423 the
213 3377 292 3436 geniti
295 3393 323 3425 ve
336 3385 421 3425 neuter
431 3376 540 3438 cogitati,
549 3374 656 3422 hesause
665 3373 710 3420 the
715 3372 789 3420 latter
798 3375 821 3420 'is
829 3375 981 3433 anihiguous.

186 3434 357 3499 'Eqnivclcnt
372 3450 398 3488 to
409 3439 535 3494 creduut,
551 3432 645 3496 ‘agree‘
659 3430 735 3480 tobis
741 3431 901 3490 proposuisti.
