2274 3772
152 169 205 223 tta
412 185 452 225 ne
474 187 580 227 ousnrs
601 188 786 227 anaxanoai.

145 292 290 362 procubuit.
326 293 452 346 Cecidere
471 295 739 349 Lacedaemoniorum
754 297 778 348 V
792 296 865 349 milia
883 303 909 347 et
927 294 998 357 CCC,
1016 311 1051 346 ex

145 361 337 442 Macedonibus
349 361 418 415 haud
432 363 547 433 amplius
558 365 647 417 mille:
660 374 779 418 ceterum
789 367 834 418 vix
845 365 987 434 qnisquam
1000 362 1050 415 nisi

146 448 252 484 sauctus
263 433 369 484 revertit
381 431 409 484 in
421 443 515 486 castra.

180 506 204 553 3.
223 501 296 554 Haec
314 501 423 554 victoria
447 518 497 555 non
521 502 641 572 Spartam
660 503 739 556 modo
760 503 896 572 sociosque
917 500 982 570 ejus,
1003 501 1050 554 sed

146 571 227 622 etiam
245 587 345 638 ornnes,
365 571 411 638 qui
428 570 559 624 fortunam
578 572 640 624 belli
659 581 849 642 spectaverant,
869 571 954 640 fregit.
991 572 1050 624 Nec

146 639 256 693 fallebat
268 641 456 709 Antipatrum,¹
474 640 612 694 dissentire
631 641 666 693 ab
680 641 779 693 animis
793 641 981 709 gratulantium
994 641 1050 692 vul-

146 719 203 777 tus3
221 709 268 762 sed
287 709 386 762 bellum
404 710 479 762 finire
496 711 611 778 cupienti
624 727 690 778 opus
702 720 756 762 erat
769 710 876 779 decipi.2
912 711 945 762 Et
957 726 1051 778 quam·

146 796 226 847 quam
239 778 341 831 fortuna
354 795 440 831 rerum
455 779 584 848 placebat,
598 780 725 832 invidiam
744 790 842 844 tamen,
856 779 918 848 quia
936 777 1051 847 majores

146 865 188 900 res
207 856 289 915 erant,
307 865 387 916 quam
407 864 474 917 quas
492 848 620 917 praelecti
644 849 739 901 modus
757 850 883 917 caperet,³
903 847 1049 900 metuebat.

146 918 249 986 Quippe
267 916 418 970 Alexander
436 916 525 970 hostes
539 917 744 985 vincivcluerat,
762 918 929 986 Antipatrum
943 917 1049 986 vicisse,

146 1004 180 1038 ne
194 986 289 1038 tacitus
300 985 409 1054 quidem
421 985 612 1056 indignabatur,
623 986 685 1039 suae
698 987 837 1055 demptum
849 987 947 1055 gloriae
960 985 1051 1038 existi·

147 1073 229 1124 mans,
254 1055 380 1124 quicquid
402 1056 526 1108 cessisset
547 1056 671 1109 alienae.⁴
717 1057 809 1127 ltaque
833 1058 977 1124 Antipater,
1004 1057 1050 1124 qui

147 1125 228 1194 probe
247 1135 335 1177 nosset
353 1125 461 1193 spiritus
478 1124 543 1194 ejus,
556 1143 606 1178 non
626 1136 666 1178 est
684 1142 764 1177 ausus
783 1125 838 1194 ipse
853 1143 931 1193 agere
944 1124 1051 1177 arbitria

147 1194 289 1264 victoriae,⁵
300 1194 349 1247 sed
360 1194 501 1247 concilium
514 1196 682 1262 Graecorum,
696 1194 758 1263 quid
776 1194 834 1246 fieri
853 1196 976 1264 placeret,
991 1211 1050 1246 con-

148 1263 237 1316 suluit.
273 1266 297 1317 A
315 1280 368 1332 quo
387 1260 601 1334 Lacedaemonii,
612 1263 676 1317 nihil
695 1263 765 1316 aliud
787 1281 867 1332 quam
887 1272 916 1316 ut
936 1274 1053 1315 oratores

149 1334 252 1386 mittere
264 1332 298 1386 ad
311 1349 401 1400 regem
413 1332 512 1402 liceret,
521 1333 768 1400 Tegeataeveniam
779 1331 936 1384 defectionis
948 1341 1052 1400 praeter

148 1413 267 1455 auctores
284 1401 498 1471 impetraverunt.
533 1401 782 1471 Megalepolitanis,⁶
794 1419 906 1470 quorum
925 1401 988 1454 urbs
1005 1401 1051 1454 ob

149 1489 222 1524 sessa
241 1481 297 1523 erat
317 1489 333 1522 a
352 1469 508 1523 defectionis
525 1472 610 1538 sociis,
624 1471 725 1524 Achaei
744 1481 771 1523 et
790 1471 849 1524 Elei
867 1471 935 1524 CXX
952 1470 1052 1522 talenta

148 1543 211 1593 dare
228 1539 294 1608 jussi
311 1547 380 1592 sunt.
417 1539 464 1591 Hic
482 1540 530 1592 suit
549 1541 636 1592 exitus
654 1540 726 1606 belli,
740 1540 810 1609 quod
829 1549 938 1609 repente
956 1549 1049 1608 ortum,

148 1610 220 1731 prius
237 1618 327 1661 tamen
344 1608 449 1661 finitum
467 1617 515 1678 est,
528 1622 608 1677 quam
627 1611 743 1662 Dareum
757 1609 910 1678 Alexander
921 1608 990 1678 apud
1004 1611 1051 1662 Ar'·

168 1677 210 1730 ela
222 1687 364 1746 superaret.
492 1719 496 1723 .

183 1754 207 1800 4.
226 1746 277 1800 Sed
298 1757 326 1800 ut
345 1746 460 1816 primum
480 1746 637 1801 instantibus
660 1747 729 1800 curis
752 1747 856 1801 laxatus
879 1757 919 1799 est
938 1747 1051 1816 animus,

149 1817 304 1870 militarium
322 1832 409 1879 rerum
427 1833 506 1884 quam
527 1818 624 1886 quietis
642 1818 740 1885 otiique
753 1817 911 1887 patientior,⁷
923 1833 1054 1886 excepere

149 1897 210 1940 eum
225 1885 380 1956 voluptates,
393 1894 419 1939 et
431 1903 512 1954 quem
525 1904 598 1942 arma
610 1887 750 1940 Persarum
767 1904 818 1938 non
836 1887 974 1954 fregerant,
988 1886 1053 1938 vitia

151 1958 282 2008 vicerunt:
302 1956 499 2024 intempestiva⁸
515 1957 642 2025 convivia,
655 1966 682 2007 et
700 1956 853 2024 perpotandi
867 1955 1051 2024 pervigilandi-

115 2044 119 2051 “
149 2043 201 2093 que
223 2028 314 2078 insana
333 2024 452 2093 dulcedo,
471 2024 587 2094 ludique,
607 2034 634 2077 et
653 2042 749 2093 greges
767 2025 901 2094 pellicum,
920 2025 1008 2076 omnia
1026 2025 1052 2076 in

150 2105 288 2147 externum
301 2094 375 2163 lapsa
387 2109 495 2146 morem.
515 2095 601 2152 Quem
611 2095 761 2146 aemulatus
770 2095 844 2162 quasi
856 2095 984 2163 potiorem
997 2110 1051 2162 suc,

150 2166 186 2215 ita
198 2162 360 2232 popularium
373 2162 475 2213 animos
486 2163 629 2232 oculosque
647 2164 743 2230 pariter
761 2163 878 2229 offendit,
891 2171 919 2215 ut
932 2180 948 2213 a
960 2162 1050 2232 pleris-

150 2250 201 2300 que
219 2233 363 2284 amicorum
381 2246 427 2308 pro
446 2229 521 2282 hoste
539 2232 689 2284 haberetur.
726 2233 846 2284 Tenaces
861 2233 958 2301 quippe
974 2231 1053 2285 disci·

150 2303 238 2372 plinae
257 2317 329 2369 suae,
343 2300 484 2367 solitosque
503 2317 581 2379 parco
599 2317 631 2352 ac
649 2301 759 2370 parabili
773 2302 843 2353 victu
862 2301 895 2352 ad
917 2301 1054 2370 implenda

150 2386 257 2424 naturae
276 2369 408 2423 desideria
425 2367 555 2439 delungi,⁹
572 2371 598 2423 in
618 2371 756 2440 peregrina
771 2381 796 2423 et
812 2371 974 2423 devictarum
988 2388 1052 2439 geu·

340 2451 472 2462 „mn—a*-
480 2456 542 2460 ..hm

179 2489 185 2509 ¹
199 2482 235 2528 ‘It
246 2480 286 2529 did
296 2489 338 2528 not
348 2493 434 2538 escape
446 2479 590 2538 Antipater!

177 2545 187 2569 ²
199 2541 294 2588 ‘There
304 2555 354 2587 was
365 2539 425 2586 need
436 2538 471 2587 for
482 2539 532 2586 him
543 2548 568 2586 to
578 2539 608 2586 bo
620 2536 733 2586 deceived
741 2539 757 2595 ;'
767 2537 817 2585 that
830 2537 859 2591 is,
870 2536 899 2584 he
910 2552 960 2584 was
971 2536 1052 2584 forced

149 2608 174 2646 to
186 2611 223 2646 act
235 2615 262 2647 as
272 2599 293 2646 is
300 2600 330 2646 he
341 2598 425 2657 placed
437 2608 498 2646 trust
510 2598 534 2646 in
545 2598 606 2646 their
617 2597 769 2657 professione.
832 2597 834 2602 ’

156 2658 244 2764 ,1223
262 2657 548 2763 pippbgppejrglnppinvpyith
566 2672 636 2717 qaum
650 2658 699 2716 pai,
717 2671 758 2703 see
776 2656 856 2704 Grani.
873 2655 947 2711 l3do,
961 2666 1017 2702 note
1030 2658 1051 2702 1.

150 2751 161 2765 Δ
178 2783 186 2804 ⁶
199 2752 347 2854 ‘W'hatever
357 2774 405 2822 had
413 2751 484 2821 lalleh
496 2783 529 2829 to,
540 2789 567 2821 cr
576 2776 676 2842 become
688 2773 728 2821 tho
739 2774 879 2834 possession
888 2771 920 2828 os,
931 2772 971 2820 the
983 2771 1051 2833 glory

149 2833 333 2939 Osta‘nl'irhibltle
344 2891 384 2939 the
393 2890 492 2951 judicial
502 2891 621 2941 decisione
631 2893 659 2941 os
666 2893 706 2940 the
718 2855 828 2952 victory!¹
845 2892 942 2939 Arbiter
952 2891 973 2938 is
984 2889 1051 2949 equi·

150 2954 229 3020 valent
241 2952 354 3017 tojrrdea,
367 2952 489 3018 arbitrium
499 2952 660 3012 tojadicium;
673 2969 743 3013 cgere
753 2951 793 3021 the
803 2951 902 3013 general
912 2950 1053 3008 expression

150 3013 185 3101 ior‘
195 3009 317 3126 ssffllgfiyfl
322 3010 460 3115 32:123de
471 3067 548 3115 either
559 3074 650 3136 Mrprihry
660 3073 719 3121 πόλις
728 3085 755 3117 ot·
766 3071 923 3129 Μεγαλόπολις.

177 3135 185 3157 ³
196 3129 244 3176 For
254 3136 347 3189 patrem
357 3141 488 3193 governing
499 3127 539 3194 the
550 3138 664 3187 genitive,
677 3143 717 3175 see
732 3129 810 3175 cram.
823 3127 899 3182 wll,
913 3130 933 3174 1.
1042 3167 1044 3174 .

177 3195 185 3218 ⁸
199 3188 335 3246 ‘Banquets
346 3184 476 3245 extending
487 3185 522 3233 far
530 3196 579 3234 into
587 3186 627 3233 the
636 3186 704 3246 night
713 3188 729 3244 ;'
743 3188 793 3234 into
801 3186 842 3232 the
851 3203 897 3233 noe
905 3188 1050 3246 intempesto.

133 3276 134 3279 =
178 3247 303 3308 ’Defungi
310 3245 331 3293 is
340 3244 449 3304 properly
463 3250 502 3292 ‘to
510 3243 580 3292 finish
589 3245 635 3292 and
642 3255 685 3306 get
694 3247 744 3305 quit
754 3244 781 3293 ol
788 3260 802 3292 a
810 3245 876 3304 piece
885 3244 913 3292 ol
920 3244 1049 3293 business!

142 3307 168 3351 It
177 3308 200 3353 is
209 3307 269 3353 here
277 3303 372 3364 applied
384 3314 408 3350 to
419 3303 499 3372 eating
510 3303 555 3372 and
566 3303 687 3364 drinking,
695 3305 741 3352 and
750 3305 771 3352 is
779 3320 793 3350 a
801 3319 857 3363 very
865 3304 977 3364 vigorons
984 3303 1051 3371 word

133 3374 159 3407 ro
170 3379 270 3423 convey
280 3364 323 3412 the
333 3364 390 3413 idea
400 3362 431 3412 of
440 3362 553 3426 satisfyrn
588 3363 640 3412 hun
657 3379 683 3412 er
701 3363 749 3413 and
763 3379 795 3411 no
809 3378 892 3410 morer
910 3367 950 3410 ‘to
965 3361 1052 3420 sattssy

106 3419 280 3525 οῑβὲἑιῖῖῖένςε
291 3423 351 3476 with
362 3424 446 3490 cogn
455 3424 504 3477 and
512 3379 652 3488 accip-coo
672 3421 813 3480 edicemus
821 3435 926 3481 appense
931 3419 1061 3467 meamus
