2274 3772
127 185 186 240 246
394 199 434 240 na
458 199 563 240 carris
582 199 768 241 taurania.

127 308 238 363 Menses
249 309 276 362 in
287 308 381 378 quinos
391 308 476 362 denos
487 307 681 379 descripserunt
693 309 760 378 dies,
773 308 836 363 anni
853 309 933 379 plena
948 309 1041 389 spatia

127 388 272 432 serrantur.
308 378 399 431 Lunae
419 395 504 431 cursu·
518 385 609 431 notant
628 387 755 448 tempora,
777 395 835 447 riori,
857 387 886 431 ut
906 378 1038 450 plerique,

127 464 189 500 cum
209 447 301 501 orbem
325 447 398 501 sidus
421 447 549 516 implevit,
570 448 617 501 sed
638 465 701 501 cum
721 465 750 500 se
770 464 879 500 curvare
899 449 989 517 coepit
1011 449 1039 504 in

126 533 231 586 cornua,
256 525 283 569 et
305 517 404 569 idcirco
426 516 562 570 breviores
585 517 683 571 habent
709 533 824 583 menses,
849 517 895 585 qui
918 518 1039 586 spatium

126 603 218 656 eorum
238 585 272 639 ad
291 585 362 638 hunc
381 586 467 652 lunae
480 586 589 638 modum
608 587 742 654 dirigunt.¹
778 586 904 639 Multaet
916 587 970 638 alia
984 596 1039 640 tra·

125 655 231 777 dhmss'r'
255 655 353 726 quibus
374 655 469 709 morari
492 656 611 708 ordinem
636 672 722 710 rerum
746 654 817 708 haud
840 672 904 708 sane
928 657 1040 726 operae8

126 741 152 778 vi
172 743 187 776 c
207 735 272 777 atur.

161 798 203 847 34.
222 794 305 863 Igitur
315 792 466 847 Alexandro
478 793 546 846 fines
557 793 648 846 Indiae
665 793 782 861 ingresso
793 793 912 861 gentium
926 810 1039 848 suarum

126 863 210 932 reguli
222 872 398 932 occurrerunt,
412 863 542 932 imperata
560 861 661 930 facturi,
675 863 751 915 illum
764 864 869 914 tertium
882 864 948 916 Jove
960 865 1038 930 geni·

125 941 183 985 tum
195 933 228 986 ad
242 934 312 1001 ipsos
323 932 476 1002 pervenisse
485 935 679 985 memorantes:
701 933 806 984 Patrem
816 933 940 985 Liberum
952 942 1039 1002 atque

126 1001 268 1054 Herculem
282 1002 355 1054 sama
366 1000 485 1069 cognitos
497 1002 576 1070 esse,⁸
588 1002 674 1070 ipsum
688 1017 776 1053 coram
791 1001 885 1054 adesse
897 1003 1038 1070 cernique.

126 1070 184 1125 Rex
201 1071 315 1139 benigne
333 1079 458 1140 exceptos
475 1071 550 1138 sequi
569 1070 654 1140 jussit,
669 1070 764 1122 iisdem
779 1071 903 1123 itinerum
919 1070 1039 1124 ducibus

128 1156 229 1192 usurus.
265 1141 390 1192 Ceterum
409 1156 470 1192 cum
491 1139 606 1208 amplius
626 1155 704 1191 ricino
721 1150 876 1208 occurreret,
896 1139 938 1191 He
958 1140 1038 1193 haes-

126 1210 226 1261 tionem
238 1218 264 1260 et
277 1209 431 1264 Perdiccam
450 1227 512 1261 cum
530 1209 664 1277 copiarum
681 1217 754 1286 parte
767 1208 902 1278 praemisit
914 1157 1038 1262 arlsubi·

125 1279 233 1399 peudos,
258 1279 304 1348 qui
326 1290 510 1331 aversarentur
533 1278 691 1346 imperium:
721 1280 849 1346 jussitque
873 1279 916 1330 ad.
931 1279 1038 1332 flumen

139 1347 219 1400 ndum
240 1347 389 1416 procedere,
407 1357 433 1399 et
452 1347 556 1414 navigia
575 1347 670 1415 lacere,
689 1349 750 1415 quis
768 1348 793 1399 iii
812 1347 933 1399 ulteriora
951 1356 1038 1401 trans-

125 1418 219 1485 portari
239 1425 327 1485 posset
346 1417 485 1471 exercitus.
521 1416 572 1484 llli,
585 1417 648 1485 quia
666 1416 740 1484 plura
758 1415 869 1468 flumina
883 1417 1039 1485 superanda

125 1494 189 1552 erat,
204 1486 242 1536 sic
258 1484 369 1554 junxere
381 1502 470 1553 naves,
484 1494 512 1537 ut
525 1485 625 1536 solutae
638 1485 760 1553 plaustris
772 1485 835 1538 vehi
850 1494 964 1554 possent,
978 1503 1037 1539 rur·

125 1570 223 1622 susque
235 1553 366 1623 conjungi.
404 1555 464 1606 Post
477 1571 506 1604 se
519 1554 623 1606 Cratero
636 1571 698 1606 curn
711 1552 842 1622 phalange
859 1553 932 1623 jusso
947 1555 1036 1625 sequi,

124 1623 272 1692 equitatum
291 1640 323 1674 ac
341 1623 428 1675 levem
445 1632 605 1675 armaturam
624 1622 722 1690 eduxit,
737 1639 843 1692 eosque,
856 1623 901 1691 qui
913 1640 1037 1678 occurre·

126 1700 191 1761 rant,
205 1691 256 1744 levi
275 1691 373 1760 proelio
392 1692 417 1744 iri
430 1692 523 1744 urbem
538 1691 685 1760 proximam
697 1693 832 1761 compulit.
867 1693 928 1745 Jarn
942 1709 1037 1761 super-

125 1770 234 1814 venerat
258 1763 387 1815 Craterus.
432 1762 525 1830 ltaque
550 1770 578 1813 ut
602 1761 728 1830 principio
752 1775 876 1814 terrorem
900 1761 1039 1816 incuteret

124 1831 197 1900 genti
216 1832 333 1884 nonduin
350 1847 425 1883 arma
442 1830 621 1884 Macedonum
641 1839 774 1899 expertae,
788 1831 922 1899 praecipit,
936 1848 969 1883 ne
988 1834 1037 1885 cui

125 1912 283 1970 parceretur,
297 1901 468 1954 munimentis
481 1900 561 1969 urhis,
575 1917 655 1968 quam
668 1899 814 1967 obsidebat,
829 1900 952 1954 incensis.
984 1902 1037 1954 Ce-

125 1980 210 2022 terum
235 1970 298 2023 dum
322 1971 467 2039 obequitat⁴
491 1969 637 2034 moenibuS,
663 1970 756 2036 sagitta
780 1969 849 2021 ictus
871 1978 920 2021 est.
956 1968 1037 2038 Cepit

125 2048 215 2091 tamen
227 2040 362 2108 oppidum,
376 2048 403 2091 et
421 2039 544 2092 omnibus
562 2037 730 2106 incolis-ejus
748 2037 891 2104 trucidatis,
905 2039 988 2091 etiam
1006 2038 1037 2092 in

124 2116 196 2160 tecta
209 2110 340 2159 saevitum
352 2119 401 2159 est.

160 2180 200 2227 35.
220 2176 284 2229 Iride
297 2176 397 2228 domita
410 2177 516 2243 ignobili
534 2186 622 2245 gente,
634 2175 669 2226 ad
682 2177 784 2244 Nysam
797 2175 890 2229 urbem
902 2177 1036 2244 pervenit.

125 2243 203 2298 Forte
216 2245 309 2297 castris
320 2254 381 2296 ante
394 2245 452 2314 ipsa
465 2246 569 2298 moenia
581 2246 606 2296 iri
619 2245 732 2297 silvestri
748 2245 804 2297 loco
817 2245 914 2314 positis,
929 2254 1036 2298 noctur·

125 2331 189 2368 rium
203 2313 284 2382 frigus
297 2314 481 2367 vehementius
499 2332 578 2383 quam
597 2313 664 2365 alias
683 2313 786 2366 horrore
805 2331 911 2383 corpora
928 2313 1033 2384 affecit,

124 2391 353 2453 opportunumque
367 2383 514 2436 remedium
529 2383 606 2451 ignis⁶
617 2383 735 2436 oblatum
747 2392 796 2436 est.
832 2384 922 2436 Caesis
934 2384 1037 2453 quippe

124 2454 197 2506 silvis
213 2455 351 2507 flammam
369 2454 557 2519 excitaverunt,
573 2469 650 2520 quae,
669 2453 720 2520 igni
740 2452 823 2520 alirey
839 2453 1035 2521 oppidanorum

123 2531 1036 2612 ‘mmmmm

125 2613 215 2660 reckon
230 2613 290 2661 lrorn
306 2629 351 2660 one
367 2613 411 2660 l'ull
427 2628 497 2660 moou
512 2622 537 2660 to
549 2613 588 2659 the
600 2623 667 2667 next,
680 2612 738 2679 they
749 2611 809 2658 from
821 2611 862 2658 the
873 2609 922 2657 first
935 2621 1037 2670 quarter

124 2681 150 2719 to
161 2671 201 2717 the
213 2672 268 2728 last,
281 2672 338 2719 theri
349 2672 409 2720 from
419 2672 460 2719 the
471 2671 517 2719 last
529 2681 554 2719 to
564 2671 605 2718 the
615 2670 666 2718 first
678 2686 755 2738 again,
769 2670 814 2717 and
826 2685 853 2717 so
864 2685 902 2737 on.

98 2782 102 2789 ,
152 2729 218 2776 'Est
229 2731 446 2792 operocvaccording
457 2740 482 2778 to
495 2731 573 2801 Groui,
586 2730 666 2798 §2795
682 2736 713 2776 ‘it
725 2745 746 2776 is
757 2728 833 2776 worth
846 2728 941 2808 while),
951 2727 1034 2777 other-

124 2789 326 2895 W¹2⁵³illll²⁸i⁸i2d
336 2792 670 2908 lliissffiliiiilh'lihl
681 2786 983 2906 tltltdttttltii,
1000 2847 1036 2906 b,

124 2905 166 2953 the
178 2904 290 2974 Greeks,
306 2864 365 2962 alli,
383 2907 413 2975 in,
423 2907 464 2955 the
481 2865 565 2954 lhdian
581 2906 731 2966 mythology,
744 2906 769 2952 iri
779 2905 820 2952 the
832 2904 991 2962 descriptione
1004 2906 1034 2953 of

124 2964 165 3013 tlic
177 2975 336 3012 incarnatione
347 2966 375 3013 of
383 2966 486 3023 Vishnu,
499 2982 537 3012 we
552 2965 609 3014 read
619 2965 647 3013 ol
659 2965 699 3012 the
716 2980 772 3017 sons
780 2962 816 3033 ,of
827 2963 887 3024 gods
899 2963 954 3010 who
966 2979 1034 3012 wan·

124 3023 882 3144 “tellatlttttlitll,ttthtdttttultani,
895 3095 936 3128 aa
951 3080 1035 3132 cam.

125 3142 356 3259 §3¹3‘2l'hhtssemedy
366 3199 394 3247 of
405 3199 447 3248 fire
456 3201 472 3258 3’
485 3201 536 3248 that
549 3202 578 3257 is,
591 3200 642 3257 fire,
655 3201 696 3248 the
713 3215 796 3248 means
811 3199 838 3249 os
850 3199 1036 3262 counteracting

125 3259 166 3317 tlie
174 3260 238 3329 cold.
270 3259 338 3323 Ignis
350 3259 374 3327 is,
381 3260 446 3307 what
457 3275 494 3306 we
508 3277 564 3319 may
575 3260 620 3308 call
637 3260 677 3308 the
694 3259 816 3309 definitive
831 3274 858 3307 or
873 3257 1036 3320 explanatory

122 3328 239 3380 genitive,
252 3335 279 3368 ae
290 3329 315 3367 to
327 3318 405 3366 which
417 3334 458 3366 sec
472 3319 550 3366 Grom,
563 3319 637 3372 §274

146 3383 158 3409 ⁸
170 3378 240 3429 ‘The
251 3379 334 3438 dame,
346 3377 479 3440 supported
493 3379 525 3439 hy
537 3378 579 3427 tlie
588 3377 654 3437 tired
667 3379 779 3434 because,
792 3392 820 3426 so
831 3375 888 3438 long
898 3391 925 3424 as
936 3375 978 3424 tlie
988 3375 1036 3427 fire

104 3435 132 3487 ὕ
140 3437 205 3500 kept
218 3439 393 3506 bumingthe
405 3438 480 3492 tlame
491 3446 575 3504 grows
583 3436 634 3487 and
641 3435 751 3497 oprando.
805 3474 807 3478 r
