2274 3772
503 197 595 238 nisan
614 197 642 237 v.
696 216 699 220 -
970 183 1025 239 185

116 314 200 361 strare
217 285 297 360 Darei
315 305 468 361 vehiculum
486 314 589 376 posset:
616 305 719 374 singuli,
738 312 767 358 ut
789 322 896 376 quaque
914 307 1024 377 prende·

117 383 183 446 rent,
202 377 403 443 scrutabantur,¹
420 392 470 428 nec
487 384 577 428 tamen
595 375 679 428 ullum
697 375 840 443 vestigium
859 376 938 444 fugae
957 379 1025 446 regis

116 446 233 500 extabat.
269 445 450 499 Festinantem
473 444 655 498 Alexandrum
676 444 721 496 rix
744 445 793 496 tria
810 446 886 498 milia
904 448 1024 526 equitum

153 524 257 569 rsecuta
274 522 341 568 suut.
379 518 414 568 At
432 515 458 566 in
476 530 529 584 eos,
543 515 588 583 qui
606 514 702 567 lentius
719 515 905 584 sequebantur,
924 514 1024 569 incide-

111 532 181 641 hist
212 585 336 639 universa
365 583 524 653 fugientium
552 583 668 651 agmina.
704 582 756 636 Vix
783 583 912 637 credibile
941 586 1022 655 dictu,

116 654 206 725 plures
224 654 329 723 captivi,
343 670 424 722 quam
442 653 487 722 qui
504 661 630 721 caperent
647 659 737 704 eraut:
755 652 823 705 adeo
840 671 948 708 ornnem
966 673 1024 708 sen-

116 741 176 778 sum
196 724 292 776 territis
303 723 407 776 fortuna
418 721 524 792 penitus
533 730 694 789 excusserat,
704 729 732 774 ut
744 739 795 775 nec
807 722 922 777 hostium
934 725 1024 793 pauci-

116 802 208 863 tatem,
221 811 271 846 nec
283 792 482 846 multitudinem
494 808 571 844 suam
583 791 648 845 eatis
659 800 805 844 cernerent.

152 867 194 916 38.
212 864 321 916 Interim
344 861 473 931 jumenta,
494 878 563 930 quae
587 862 704 914 Dareum
726 859 868 932 vehebant,
892 863 964 916 nullo
984 880 1023 916 re·

114 941 197 1002 gente
209 932 379 985 decesserant
394 931 502 984 militari
514 931 564 999 via,
578 939 604 982 et
623 947 708 984 errore
727 929 817 984 delata
835 949 882 1002 per
901 941 1024 1001 quattuor

115 1002 222 1071 stedia,¹
240 1003 266 1054 in
292 1001 408 1070 quadam
427 1000 498 1053 valle
525 1002 702 1069 constiterant,
720 1007 797 1055 aestu
817 1001 949 1072 simulque
967 1002 1023 1055 vul·

115 1072 224 1126 neribus
236 1071 354 1139 fatigata.
390 1069 467 1123 Haud
479 1069 570 1139 procul
589 1079 644 1122 erat
662 1068 727 1139 sous,
740 1069 775 1123 ad
795 1088 875 1140 quern
897 1080 1023 1125 monstra-

115 1150 173 1195 tum
192 1159 209 1194 a
228 1141 330 1212 peritis³
348 1140 511 1210 Polystratus
530 1139 645 1192 Macedo
665 1139 709 1192 siti
727 1149 878 1194 maceratus
895 1143 1022 1194 accessit:

114 1226 149 1265 ac
166 1211 229 1263 dum
248 1210 326 1279 galea
342 1210 465 1264 haustam
482 1226 581 1279 aquam
600 1209 694 1278 sorbet,
715 1210 767 1262 tela
782 1209 960 1280 jumentorum
978 1210 1023 1264 de·

114 1280 262 1334 ficientium
281 1281 433 1350 corporibus
444 1279 526 1333 infera
543 1279 688 1349 conspexit.
725 1279 891 1350 Miratusque
903 1279 1024 1333 confossa

115 1350 294 1421 potiusquam
306 1351 402 1404 abacta
414 1367 474 1403 esse
486 1349 608 1402 semivivi
644 1351 661 1385 *³
693 1351 715 1386 ⁴*
750 1351 779 1385 *⁴

116 1479 235 1543 [hominis
247 1480 366 1545 gemitum
379 1479 489 1542 percipit.
523 1479 607 1542 Itaque
617 1495 685 1528 more
697 1478 791 1544 ingenii
804 1477 904 1527 humani
922 1479 1023 1541 cupidus

114 1546 216 1604 risendi,
227 1547 285 1609 quid
300 1546 336 1595 rei
347 1546 459 1594 vehiculo
475 1546 522 1593 isto
537 1546 687 1604 conderetur,
698 1545 797 1594 dimotis
814 1545 925 1607 pellibus,
936 1545 1022 1606 quibus

114 1611 236 1660 obtectum
244 1617 304 1672 erat,
310 1612 419 1660 Dareum
426 1611 510 1660 multis
515 1612 653 1660 uulneribus
659 1612 796 1660 confossum
803 1611 915 1673 repperit.
929 1610 1023 1675 Regius

115 1677 182 1725 euim
195 1677 281 1737 cultus,
288 1683 312 1726 et
319 1693 408 1725 aureae
420 1678 591 1740 catenae,quis
599 1677 853 1740 sparricidisvinctus
861 1677 1022 1735 fueratdubi·

114 1742 232 1792 tationem
239 1744 385 1792 eximebant-
407 1741 433 1790 N
432 1758 463 1790 on
472 1748 525 1790 erat
531 1758 616 1805 expers
623 1742 712 1791 Graeci
721 1743 841 1791 sermonis
850 1743 957 1800 Dareus;
969 1758 1022 1807 gra-

115 1807 211 1870 tiamne
220 1810 311 1872 agebat
322 1808 378 1866 diis,
389 1808 431 1870 qui
443 1814 496 1870 post
507 1814 575 1856 tanta
586 1808 659 1866 mula,
670 1814 767 1871 tamque
778 1808 871 1872 grevia
882 1808 927 1857 hoc
939 1817 1022 1855 tamen

115 1873 273 1922 indulsissent
284 1873 371 1932 solatii,
382 1889 414 1921 ne
425 1874 508 1921 omino
519 1873 546 1920 in
563 1873 691 1922 solitudine
708 1880 844 1926 extremum
861 1873 972 1935 spiritum
989 1874 1022 1921 ef-

115 1938 235 1988 funderet.
264 1939 349 2001 Itaque
360 1945 392 1996 te,
403 1939 488 2001 inquit,
499 1938 607 2001 quisquis
619 1954 645 1986 es
655 1939 802 1997 mortalium,
813 1954 856 2000 per
867 1953 1021 1986 communem

115 2002 243 2054 hominum
255 2010 352 2063 sortem,
360 2021 375 2052 a
382 2020 429 2066 qua
436 2020 482 2051 nec
490 2004 609 2052 maximos
616 2020 703 2068 regum
710 2009 831 2066 exemptos
839 2019 891 2052 esse
899 2004 1020 2065 praesenti

115 2070 254 2132 spectaculo
264 2071 379 2128 moneris,
391 2085 450 2133 rogo
461 2085 605 2132 quaesoque,
615 2075 643 2117 ut
654 2069 715 2118 haec
727 2069 758 2117 ad
769 2069 935 2118 Alexandrum
953 2085 1021 2118 man·

115 2136 174 2184 data
185 2152 242 2184 mea
253 2136 376 2199 perferas:
393 2135 456 2183 nihil
467 2151 559 2194 corum,
571 2150 633 2197 quae
647 2137 719 2200 longe
737 2134 877 2184 tristissima
894 2150 1021 2199 perpessus

115 2217 177 2260 sum,
185 2217 216 2249 ne
224 2202 289 2250 huno
297 2202 395 2265 quidem
405 2200 605 2261 incomparabilis
613 2201 761 2250 calamitatis
770 2201 869 2260 exitum,
877 2201 912 2250 ita
920 2217 1020 2265 gravem

115 2265 178 2314 mihi
190 2267 317 2326 eccidisse,
324 2272 352 2316 ut
361 2267 406 2316 hoc
413 2283 497 2326 unum,
504 2267 566 2329 quod
575 2272 630 2330 post
640 2267 743 2316 tantuin
755 2282 795 2315 me
807 2282 921 2329 meosque
932 2268 1021 2315 merita

116 2331 232 2380 adversus
249 2332 467 2391 clementissimum
476 2332 593 2380 victorem
605 2333 706 2381 inimico
717 2332 845 2380 vivendum
857 2333 910 2391 fuit,
919 2337 944 2379 et
954 2348 1021 2382 nunc

116 2395 215 2460 ingrato
222 2396 374 2445 moriendum
381 2403 426 2445 est.
454 2397 501 2445 Sed
510 2397 532 2444 si
541 2412 589 2459 qua
597 2397 725 2459 postremis
736 2398 879 2445 miserorum
888 2397 948 2445 votis
956 2399 1020 2459 apud

115 2461 174 2510 deos
185 2461 222 2509 vis
233 2470 276 2520 est,
288 2468 312 2510 et
323 2477 380 2510 cum
392 2462 445 2523 ipso
457 2462 543 2524 spiritu
554 2463 664 2525 profusus
675 2478 759 2524 preces
771 2462 854 2510 mitius
868 2462 966 2524 aliquod
977 2479 1019 2511 nu-

115 2542 173 2575 men
185 2527 295 2585 exaudit;
313 2527 354 2575 ille
365 2528 462 2589 quidem
472 2542 555 2588 sospes
566 2533 591 2575 et
602 2527 739 2586 incolumis,
750 2528 868 2591 longeque
880 2542 953 2588 supra
965 2544 1020 2576 con-

115 2592 211 2657 tagium
222 2608 292 2640 meae
304 2592 376 2640 sortis
384 2599 409 2640 et
419 2592 537 2641 inuidiam
546 2593 657 2641 fortunae
669 2593 769 2655 positus,
780 2593 806 2640 in
824 2593 883 2640 solio
899 2592 957 2656 Gyri
969 2594 1019 2657 glo-

114 2659 206 2706 riosam
218 2664 325 2707 aetatem
336 2658 432 2723 exigat:
444 2673 549 2720 suaeque
559 2658 655 2706 virtutis
665 2672 767 2717 memor,
775 2673 831 2705 euru
843 2658 917 2706 matri
928 2659 1019 2708 liberis·

114 2739 160 2786 que
177 2724 240 2772 meis
257 2724 338 2772 locum
356 2724 420 2786 apud
437 2739 463 2772 se
474 2739 528 2772 esse
544 2724 660 2786 patietur,
673 2739 745 2787 quern
762 2723 798 2772 illi
814 2723 861 2772 fide
872 2730 897 2772 et
908 2725 1020 2788 obsequio

144 2847 151 2871 ¹
162 2843 215 2890 ‘All
227 2850 308 2903 (every
319 2857 363 2891 one
374 2843 411 2891 sor
420 2843 538 2899 himself),
549 2844 679 2893 whenever
687 2844 746 2904 they
754 2844 964 2902 seizedachuriot,
975 2864 1017 2897 ex·

114 2901 209 2950 amined
218 2903 236 2950 it
245 2902 376 2962 carefully.¹
405 2903 459 2950 The
468 2904 620 2963 subjunctive
628 2906 770 2966 prenderent
778 2911 801 2958 (a
809 2907 947 2954 contracted
957 2907 1018 2955 sorm

113 2959 992 3071 sttt‘tt‘ltttt‘tttttttttttttttttlutttllmtl2⁶⁹·

112 3081 213 3148 aliquem
227 3036 310 3149 deserty,
323 3095 350 3128 or
360 3097 437 3149 errore
451 3082 538 3141 aliquis
554 3083 668 3141 desertor,
680 3082 752 3130 when
768 3081 799 3130 he
814 3082 836 3131 is
853 3040 944 3131 cdhied
961 3042 1019 3142 diod

113 3139 234 3187 mrstalren
245 3140 299 3187 idea
308 3150 350 3187 out
361 3139 389 3187 os
400 3139 438 3187 hrs
449 3148 501 3187 true
513 3155 604 3188 course.

141 3198 252 3258 'Supply
263 3202 370 3255 tororum,
386 3199 470 3246 ‘those
481 3198 623 3258 acquainted
633 3199 692 3247 with
704 3200 744 3249 the
755 3200 865 3249 district.'

140 3257 213 3305 ‘The
224 3258 271 3306 end
281 3257 310 3305 of
322 3258 362 3305 the
373 3256 439 3306 Filth
452 3257 522 3305 Book
533 3258 579 3306 and
589 3259 631 3306 the
646 3259 778 3320 beginning
793 3259 821 3307 os
832 3259 874 3307 the
890 3258 961 3306 Sixth
977 3274 1016 3307 ere

112 3315 167 3364 lost.
199 3316 359 3374 Freinsheim,
372 3316 491 3365 asoholar
501 3316 529 3364 οἱ
541 3318 582 3366 the
592 3318 751 3367 serenteenth
762 3329 871 3377 century,
884 3319 1017 3377 attempted

110 3376 235 3496 tgqueqpply
245 3377 287 3426 the
298 3376 430 3437 deficisncy
440 3375 502 3426 from
517 3375 586 3431 other
595 3376 724 3427 historiens
734 3378 759 3427 in
769 3377 810 3426 the
825 3389 925 3426 manner
940 3378 1016 3427 above
