2274 3772
110 112 148 167 88
377 130 416 169 uu
441 130 545 171 cesare
566 132 753 173 surranum.

108 253 189 307 quam
201 244 344 306 expeteret,
358 238 514 308 intuentem,
528 241 552 293 in
566 242 717 309 perniciem,
732 259 802 363 quae
814 254 882 295 aute
896 242 1025 313 praedam

108 305 194 375 posita
206 315 285 375 esset,
296 306 436 363 incurrere.
467 308 565 362 Similis
576 310 646 379 apud
655 311 736 363 Mace
756 328 822 364 ones
833 329 945 382 quoque
959 312 1024 367 solli·

108 375 197 427 citudo
209 384 279 428 erat:
299 385 465 447 noctemque,
477 379 550 432 velut
564 380 589 431 in
603 396 662 432 earn
676 382 824 433 certamine
837 382 938 451 edicto,
953 392 1024 437 metu

108 452 227 511 egerunt.
264 444 422 516 Alexander,
444 465 496 500 non
518 449 585 500 alias
609 448 694 515 magis
718 453 831 516 territus,
853 452 891 503 ad
912 461 977 504 vota
998 462 1023 505 et

108 530 202 634 preces
215 513 398 567 Aristandrum
412 517 500 570 vocari
516 517 601 585 jubet.
637 518 685 571 Ille
698 519 724 571 in
738 519 853 571 candida
866 531 956 591 veste,
970 538 1023 573 rer·

128 584 201 635 enas¹
221 600 301 635 manu
318 585 478 652 praeferens,
496 587 583 655 capite
596 586 683 639 velato
702 588 821 656 praeibat
842 606 942 657 preces
962 589 1023 658 regi.

109 652 201 704 Jovem
222 652 428 723 Minervamque
448 664 476 707 et
493 655 638 707 Victoriam
659 658 830 725 propitianti.²
866 658 947 711 Tunc
969 660 1023 730 qui·

108 722 171 774 dem
184 722 311 774 sacrificio
324 723 371 774 rite
383 733 540 794 perpetrato,
555 724 686 793 reliquum
704 728 789 779 noctis
804 729 984 795 acquieturue
998 729 1022 781 iu

109 790 307 844 tabernaculum
322 792 409 845 rediit.
446 793 497 847 Sed
517 810 566 845 neo
584 810 707 846 somnum
719 812 824 865 capere,
838 797 1023 865 necquietem
1056 807 1060 813 “

108 861 162 929 pati
181 869 290 928 poterat.
325 861 407 914 Modo
423 881 439 914 e
457 862 521 933 jugo
538 863 635 915 montis
651 864 740 916 aciem
752 866 778 917 in
790 865 918 917 ‹lextrum
931 866 1022 921 Perea·

110 947 167 982 rurn
179 946 258 981 cornu
272 929 415 983 demittere
424 931 550 1000 agitabat,
569 932 649 984 modo
667 941 741 985 recta
758 933 844 985 fronte
862 951 1021 989 concurrere

110 998 198 1067 hosti,³
216 999 348 1052 interdum
366 1000 505 1070 haesitare,
523 1018 557 1053 an
576 1003 663 1070 potius
680 1003 708 1054 in
727 1003 833 1055 laevum
851 1003 1023 1073 detorqueret

109 1085 215 1136 agmen.
251 1067 372 1147 Tandem
395 1079 534 1138 gravatum
558 1070 642 1123 animi
667 1071 801 1125 anxietate
827 1088 927 1141 corpus
949 1074 1023 1128 altior

109 1155 218 1191 somnus
228 1147 366 1207 oppressit.

144 1214 186 1262 49.
205 1210 319 1277 Jamque
342 1208 403 1261 luce
421 1216 477 1259 orta
495 1206 578 1260 duces
596 1207 631 1261 ad
650 1205 808 1277 accipienda
826 1206 945 1286 imperia
963 1224 1024 1263 corr·

109 1286 244 1345 venerant,
264 1277 368 1329 insolito
385 1276 455 1329 circa
473 1276 632 1346 praetorium
652 1276 758 1330 silentio
773 1279 896 1330 attoniti:
924 1278 1023 1349 quippe

108 1347 176 1399 alias
193 1363 330 1400 accersere
349 1347 426 1415 ipsos,
439 1355 466 1399 et
478 1346 611 1400 interdum
629 1354 763 1400 morantes
779 1346 913 1414 castigare
933 1364 1024 1401 assue-

110 1426 198 1469 verat:
219 1425 281 1469 tunc
300 1435 334 1470 ne
355 1417 447 1470 ultimo
467 1416 577 1486 quidem
597 1433 685 1470 rerum
703 1415 859 1470 discrimine
872 1416 1023 1471 excitatum

109 1502 168 1537 esse
182 1486 349 1555 mirabantur,
359 1495 386 1539 et
399 1503 448 1539 non
461 1503 553 1539 somno
562 1485 707 1555 quiescere,
720 1485 767 1538 sed
815 1501 878 1537 vore
894 1486 1024 1539 marcere*

110 1554 262 1609 credebant.
299 1557 358 1609 Non
376 1563 467 1608 tamen
485 1556 626 1624 quisquam
638 1572 674 1608 ex
684 1553 787 1607 custodi
808 1571 840 1607 us
852 1570 900 1606 cor
938 1554 975 1608 ris
986 1554 1023 1607 in·

110 1636 178 1678 trare
199 1624 399 1678 tabernaculum
418 1624 551 1678 audebat:
573 1632 600 1677 et
619 1624 676 1694 jam
697 1633 802 1692 tempus
821 1623 894 1676 insta
915 1633 953 1692 at,
973 1639 1024 1677 uec

109 1695 189 1748 miles
199 1693 301 1764 injussu
313 1694 391 1748 ducis
407 1703 453 1747 aut
472 1711 548 1746 arma
566 1711 662 1762 capere
681 1701 789 1762 poterat,
802 1702 849 1745 aut
867 1692 897 1745 in
918 1693 1025 1747 ordines

110 1766 156 1817 ire.
193 1764 243 1819 Diu
263 1765 402 1818 Parmenio
420 1772 566 1833 cunctatus,
583 1762 674 1816 cibum
693 1771 722 1816 ut
739 1768 874 1832 caperent,
889 1762 951 1831 ipse
969 1778 1024 1833 pro·

110 1834 222 1888 nuntiat.
258 1835 372 1904 Jamque
391 1833 463 1889 exire
486 1849 597 1885 necesse
621 1841 692 1885 erat:
717 1841 781 1885 tuuc
805 1829 923 1885 demum
947 1832 1024 1886 intret

111 1904 317 1973 tabernaculum,
336 1903 496 1973 saepiusque
519 1901 626 1954 nomine
651 1901 849 1979 compellatum,
869 1917 939 1953 cum
959 1916 1023 1955 roeo

111 1992 160 2026 non
186 1981 280 2042 posset,
306 1982 376 2027 tactu
403 1972 537 2026 excitarit.
581 1970 670 2024 Multa
696 1971 750 2037 lux,
776 1970 870 2040 inquit,
897 1980 958 2024 est:
989 1970 1024 2023 iu·

112 2052 238 2095 structam
258 2042 344 2095 aciem
364 2042 448 2095 hostis
467 2040 600 2093 admovit:
626 2049 687 2092 tuus
706 2039 784 2093 milee
800 2038 890 2091 adhuc
913 2040 1025 2094 inermis

111 2119 234 2180 expectat
252 2111 401 2190 imperium.
437 2110 490 2164 Ubi
509 2118 550 2162 est
571 2110 644 2177 rigor
670 2109 715 2162 ille
733 2108 816 2161 animi
834 2108 896 2160 tuit
925 2124 1023 2179 nempe

111 2181 227 2233 excitare
247 2179 342 2247 vigiles
361 2180 439 2233 soles.
475 2178 517 2232 Ad
538 2178 606 2231 haec
625 2177 793 2232 Alexander:
818 2176 960 2248 Credisne,
982 2194 1023 2233 me

111 2251 181 2320 prius
201 2265 322 2303 somnum
342 2265 437 2318 capere
458 2248 581 2318 potuisse,
601 2265 683 2317 quam
703 2263 879 2300 exonerarem
898 2250 1021 2301 animum

111 2319 292 2388 sollicitudine,
311 2336 380 2388 quae
399 2319 517 2389 quietem
535 2317 705 2371 morabatur?
729 2317 890 2384 signumque
913 2322 1023 2387 'pugnae

111 2390 174 2443 tuba
195 2389 251 2442 dari
269 2388 356 2460 jussit.
393 2391 426 2443 Et
447 2406 509 2441 cum
529 2387 556 2440 in
578 2386 674 2439 eadem
692 2386 866 2439 admiratione
880 2385 1023 2440 Parmenio

146 2468 297 2529 rseveraret,
311 2459 379 2528 quod
392 2459 506 2512 solutum
520 2474 549 2509 se
562 2457 633 2509 curis
644 2472 765 2508 somnum
777 2454 882 2522 cepisse
901 2455 1022 2523 dixisset,

109 2476 231 2599 llinime,
245 2529 338 2600 inquit,
358 2530 455 2582 rnirum
474 2536 529 2580 est:
550 2544 599 2594 ego
620 2525 701 2593 enim,
714 2542 776 2577 curn
797 2524 900 2587 Dareus
923 2534 1020 2579 terram

110 2608 206 2666 ureret,
225 2598 298 2651 vicos
318 2598 478 2665 excinderet,
498 2596 627 2649 alimenta
646 2601 832 2673 corrumperet,
853 2603 954 2663 potens
972 2596 1024 2649 mei

110 2684 161 2719 uon
183 2684 272 2720 eram:
297 2684 367 2720 nunc
386 2683 448 2719 vero
467 2665 530 2734 quid
554 2674 682 2730 metuam,
704 2681 766 2717 cum
788 2680 848 2727 acre
873 2663 1023 2717 decernere

110 2736 205 2804 paretl
241 2734 354 2788 Hercule
367 2746 457 2787 votum
470 2751 560 2787 meum
578 2734 708 2802 implevit.
745 2732 797 2785 Sed
816 2730 898 2800 hujus
917 2731 1024 2787 coneilii

138 2838 628 2965 3leiir‘liiliisslillicil⁰lr2⁸glli
635 2835 1022 2965 ¹tl53ln⁰ltztfltt¹t¹ta

111 2956 283 3005 Macedonicus
292 2957 307 3013 ;’
320 2955 489 3016 commendmg
500 2955 601 3003 himself
613 2966 638 3003 to
654 2955 694 3002 the
710 2970 820 3015 gracroue
837 2966 978 3014 protectrcn
991 2952 1020 3005 oi

111 3017 185 3071 Zeus,
198 3015 306 3068 Athene,
318 3012 365 3062 and
378 3013 452 3061 Nike.

139 3082 148 3105 ³
161 3075 220 3123 Cum
227 3077 291 3121 horte
298 3071 319 3120 is
328 3088 394 3119 more
402 3073 480 3121 usual.
505 3071 646 3120 Alexander
654 3072 774 3120 hesitated
783 3071 894 3121 whether
903 3073 936 3123 he
944 3074 1022 3137 ought

109 3145 151 3184 not
162 3144 187 3182 to
199 3132 270 3181 make
281 3131 319 3179 his
329 3130 443 3190 principal
454 3131 537 3179 attach
553 3132 577 3179 io
593 3147 623 3179 eu
634 3132 684 3179 obli
701 3147 731 3179 ue
742 3131 860 3179 direction
869 3134 971 3201 against
984 3134 1025 3183 the

109 3194 173 3255 right
183 3208 210 3240 or
220 3191 261 3239 the
273 3189 314 3237 left
325 3189 389 3249 wing
397 3189 428 3258 οξ
432 3189 472 3238 the
482 3190 601 3258 Persians.
629 3190 675 3238 His
681 3148 738 3258 linui
746 3190 945 3249 determination,
956 3192 1024 3243 horr·

109 3268 174 3322 ever,
189 3266 238 3299 was
250 3259 275 3297 to
285 3248 351 3298 draw
362 3264 394 3307 up
404 3248 442 3297 hie
453 3264 545 3297 meum
556 3249 748 3310 astraightlme,
760 3249 806 3297 and
817 3259 843 3297 to
853 3251 941 3301 attach
948 3268 984 3303 ou
992 3250 1026 3303 all

111 3319 333 3417 pollli‹iiiiiniiliirk
342 3366 390 3417 and
400 3366 532 3427 porrorleoa
543 3365 605 3415 from
615 3365 681 3417 seer!
