2274 3772
109 158 168 216 292
377 174 417 213 nu
439 172 545 213 essars
566 172 750 213 snaxsanar.

111 283 179 352 tatis,
197 283 243 351 qui
263 280 343 335 simul
364 298 424 334 esse
442 279 583 350 debebant,
602 280 697 334 clauda
715 290 742 333 et
762 279 905 335 inhabilia
925 284 1027 354 navigia

110 353 233 419 languide
252 351 442 404 moliebantur:
461 351 531 403 aliae
550 350 655 402 navium
675 350 824 402 inconsulte
846 359 965 406 mentes
983 371 1027 408 uon

111 422 288 491 receperant3¹
307 420 454 489 pariterque
473 429 499 472 et
519 418 705 473 multitudo·et
724 419 851 488 paucitas
871 420 1028 478 festinantes

110 491 268 545 morabatur.
312 489 418 542 Clamor
440 488 502 541 hinc
531 497 680 610 expectare,
707 488 769 541 hinc
800 489 841 541 ire
873 490 1025 560 jubentium

110 560 376 629 dissorraequewees
393 575 528 626 nunquam
548 558 557 610 i
577 570 719 627 ematque
738 575 824 611 unum
849 561 1028 616 tendentium¹

110 646 162 683 non
182 629 317 682 oculorum
341 628 419 680 modo
443 644 528 696 usum,
548 627 594 680 sed
615 628 695 679 etiarn
720 628 826 680 aurium
851 629 1026 685 abstulerant.

110 698 153 752 Ne
174 699 200 750 in
218 697 436 766 gubernatoribus
453 696 563 765 quidem
581 698 724 765 quicquam
744 696 805 764 opis
823 708 897 768 erat,
919 718 1026 770 quorum

112 785 161 821 nec
185 768 302 820 exaudiri
322 784 374 820 vox
395 783 412 817 a
432 765 652 818 tumultuantibus
675 774 782 834 poterat,
805 784 862 820 nec
889 770 1027 840 imperium

111 854 127 889 a
140 837 235 890 territis
247 835 478 905 incompositisque
489 836 597 888 servari.
624 835 693 902 Ergo
705 834 886 889 collidi‘inter
899 855 932 891 se
945 857 1027 908 naver,

112 906 309 976 abstergerique
327 906 441 958 invicem
461 905 546 971 remi,³
564 914 591 956 et
607 903 654 955 alii
671 903 783 957 aliorum
803 906 924 976 navigia
942 926 1028 979 urgere

112 985 262 1045 coeperunt.
299 974 426 1028 Crederes
442 990 494 1026 non
512 974 590 1026 unius
607 973 737 1026 exercitus
754 973 881 1029 classem
896 978 971 1047 vehi,
988 979 1029 1032 sed

112 1045 224 1097 duorum
253 1044 346 1097 navale
376 1043 457 1096 inisse
481 1050 626 1095 certamen.
667 1042 874 1097 Incutiebantur
901 1049 1030 1118 puppibus

132 1130 218 1182 roras;
244 1113 431 1183 premebantur
452 1128 469 1163 a
492 1112 671 1181 sequentibus,
688 1112 734 1180 qui
752 1113 962 1181 antecedentes
985 1127 1029 1171 tur·

112 1131 255 1252 laverant,
273 1182 433 1252 jurgantium
446 1182 484 1233 ira
496 1181 665 1252 perveniebat
677 1182 758 1234 etiam
771 1181 807 1234 ad
820 1200 937 1239 manus.

59 1294 61 1298 Α
148 1258 189 1306 ³6.
208 1253 320 1322 Jamque
339 1261 429 1305 aestus
441 1260 509 1304 totos
520 1251 589 1304 circa
600 1251 700 1303 flumen
712 1267 824 1320 campos
838 1253 1030 1322 inundaverat,

113 1322 222 1375 tumulis
234 1322 371 1374 dumtaxat
383 1321 569 1390 eminentibus,
583 1321 655 1372 velut
675 1320 767 1373 insulis
786 1323 884 1390 parvis
892 1341 901 1392 5
924 1327 952 1378 in
971 1342 1032 1396 quos

113 1391 230 1470 plerique
244 1392 346 1460 trepidi,
359 1390 465 1446 omissis
481 1390 600 1458 navigiis,
614 1407 694 1446 enare
712 1400 865 1460 properant.
907 1394 1033 1464 Dispersa

114 1460 207 1512 classis
229 1463 324 1529 partim
354 1459 379 1511 in
408 1459 526 1529 praealta
552 1476 623 1528 aqua
647 1459 740 1527 stabat,
764 1475 818 1529 qua
848 1463 1033 1519 subsederant

113 1528 224 1597 valles3⁴
242 1529 334 1597 partim
350 1528 376 1581 in
389 1528 456 1580 vado
475 1528 609 1598 haerebat,
623 1538 757 1598 utcunque
775 1529 929 1599 inaequale
951 1543 1033 1587 terrae

113 1597 247 1664 fastigium
260 1605 453 1666 occupaverant
470 1597 573 1650 undae:
593 1614 655 1650 oum
668 1598 754 1651 subito
766 1615 852 1652 novus
872 1610 905 1654 et
925 1605 1033 1672 pristino

113 1665 205 1736 major·
220 1677 299 1720 terror
322 1667 455 1719 incutitur.
498 1667 673 1736 Reciprocari⁶
697 1668 784 1746 coepit
814 1684 906 1740 mere,
938 1689 1033 1751 magno

114 1746 199 1790 tractu
221 1737 298 1805 aquis
321 1736 347 1789 in
377 1753 454 1790 suum
485 1735 582 1791 fretum
614 1737 815 1806 recurrentibus,
840 1738 1033 1813 reddebatque

115 1816 197 1859 terras
220 1806 297 1876 paulo
319 1814 381 1858 ante
404 1805 532 1876 profundo
555 1805 611 1859 salo
634 1824 744 1861 mersas.
780 1807 863 1927 lqitur
892 1811 1034 1865 destituta⁸

114 1877 219 1944 navigia
236 1876 287 1928 alia
304 1876 511 1945 praecipitantur
528 1877 554 1929 in
573 1893 669 1944 proras,
682 1876 735 1931 alia
752 1877 778 1928 in
806 1886 886 1929 atera
906 1898 1032 1949 procum·

114 1945 187 1998 bunt.
224 1945 300 1998 Strati
318 1954 390 1998 erant
409 1947 497 2016 campi
516 1945 635 2014 sarcinis,
648 1945 736 2015 armis,
748 1945 908 2000 avulsarum
932 1951 1033 2004 tabula·

115 2032 172 2067 rum
191 2032 376 2083 remorumque
394 2015 557 2084 fragmentis.
593 2014 676 2067 Miles
694 2032 743 2067 nec
761 2017 852 2083 egredi
871 2017 901 2069 in
924 2028 1031 2087 terram,

115 2101 164 2135 nec
177 2085 202 2135 in
215 2101 283 2135 nave
296 2084 438 2137 subsistere
458 2084 581 2153 audebat,
594 2083 739 2137 identidem
759 2087 956 2152 praesentibus
974 2107 1031 2158 gra·

115 2154 193 2220 viora,
207 2169 275 2221 quae
289 2163 468 2222 sequerentur,
482 2164 632 2223 expectans.
664 2154 713 2206 Vix
725 2170 793 2222 quae
806 2159 1033 2224 perpetiebantur

117 2222 206 2272 videre
232 2223 300 2289 ipsos
322 2223 473 2289 credebant,
494 2223 519 2274 in
543 2224 613 2274 sicco
637 2222 780 2293 naufragia,
799 2224 826 2276 in
846 2229 927 2280 amni
950 2245 1032 2281 mare.

114 2291 172 2344 Neo
191 2291 249 2343 finis
267 2290 404 2342 malorum.
441 2292 544 2360 Quippe
567 2301 672 2344 aestum
689 2293 766 2361 paulo
785 2302 844 2362 post
863 2311 946 2350 mare
967 2298 1032 2351 rela-

115 2370 211 2429 turum,
230 2377 282 2431 quo
307 2360 412 2428 navigia
437 2360 622 2429 allevarentur,
649 2362 738 2430 ignari,
758 2362 848 2414 famen
875 2375 905 2417 et
936 2367 1033 2421 ultima

115 2431 222 2483 sibimet
245 2430 437 2482 ominabantur.
481 2430 579 2482 Beluae
603 2448 706 2501 quoque
729 2431 855 2484 fluctibus
880 2435 1033 2491 destitutae

115 2500 244 2553 terribiles
256 2500 425 2567 vagabantur.

150 2574 191 2621 37.
211 2570 324 2637 Jamque
343 2586 395 2621 nox
411 2568 561 2638 appetebat,
580 2577 607 2621 et
631 2586 721 2637 regem
739 2574 857 2639 quoque⁷
874 2571 1034 2644 desperatio

116 2684 156 2730 the
168 2685 257 2740 others,
271 2684 343 2732 while
355 2684 413 2744 they
423 2684 553 2742 presented
570 2685 611 2732 the
627 2701 680 2733 cars
692 2685 751 2733 from
767 2685 841 2746 being
857 2691 935 2738 rnade
948 2693 1032 2753 ready,

115 2742 161 2789 had
178 2743 249 2823 stuqlr
260 2744 331 2791 fast:’
347 2747 507 2799 consederant,
523 2749 574 2792 ‘sat
591 2744 644 2792 firm
661 2745 773 2805 (namely,
786 2761 817 2792 cn
833 2746 876 2794 the
894 2749 1035 2801 inundated

115 2802 258 2908 grilliliiher
269 2861 335 2920 ships
345 2861 392 2909 had
403 2871 444 2908 not
456 2861 529 2908 taken
540 2877 571 2919 up
582 2861 651 2910 those
662 2861 744 2921 rashly
754 2862 856 2930 rushiug
867 2865 892 2912 in
901 2868 921 2923 ;’
936 2869 993 2919 that
1005 2872 1034 2928 is,

118 2919 201 2967 ‘could
214 2929 254 2966 not
266 2920 322 2967 take
334 2921 399 2967 them
412 2936 443 2979 up
455 2922 565 2975 (because
577 2922 636 2981 they
647 2937 710 2968 were
722 2920 819 2981 already
829 2923 903 2978 tutu)

144 2983 154 3008 ²
166 2985 172 3005 ‘
182 2978 265 3025 Never
276 2979 364 3039 niming
375 2990 408 3033 at,
421 2995 448 3026 or
458 2979 595 3039 purposing‚
609 2995 654 3026 one
666 2980 712 3028 and
723 2981 763 3027 the
774 2996 842 3028 sarno
855 2983 949 3046 thing.’

145 3038 235 3084 ²‘The
254 3052 307 3084 cars
324 3050 386 3084 were
406 3038 547 3098 alternately
564 3039 655 3086 broken
664 3039 679 3095 ;'
692 3039 728 3086 t'or
738 3054 783 3087 one
799 3040 854 3100 ship
867 3058 921 3092 was
940 3046 1037 3097 dsshed

116 3097 209 3158 against
221 3096 328 3150 another,
342 3096 421 3144 before
434 3097 474 3144 the
485 3113 539 3145 cars
550 3098 620 3144 could
637 3099 666 3144 be
683 3097 765 3146 drawn
780 3098 812 3146 in.
844 3100 998 3168 Abstergm
1013 3108 1033 3156 is

116 3156 174 3205 used
186 3156 237 3204 also
247 3171 273 3203 as
285 3157 366 3202 averb
377 3155 405 3202 of
417 3156 457 3203 the
467 3156 531 3204 third
542 3157 701 3216 conjugation.

146 3221 154 3244 ⁴
165 3213 369 3321 ‘lll'heqebqalleys
380 3213 427 3262 had
438 3215 502 3262 suuk
510 3217 526 3272 3’
539 3215 591 3262 that
606 3216 635 3272 is,
651 3215 745 3263 ‘where
756 3215 824 3263 there
835 3232 905 3269 were
916 3224 1034 3288 vallsys.‘

146 3279 170 3305 ⁸⁶
196 3275 241 3321 'oe
278 3310 283 3320 .
829 3294 834 3299 ·

143 3339 153 3364 ⁸
164 3333 233 3380 ‘Left
244 3331 366 3393 aground'

145 3391 260 3456 'Quoque
271 3392 342 3443 belon
359 3400 408 3440 sto
418 3391 460 3439 the
470 3391 552 3438 whole
567 3391 666 3440 clausae
679 3391 867 3450 ‘andhssidsm
879 3397 924 3448 the
935 3400 1038 3466 despair

108 3451 139 3504 of
148 3408 584 3518 saseryhadmsisrueutngnsar
856 3459 857 3463 ’
