2274 3772
490 145 582 185 niaaa
602 146 653 185 vii.
968 132 1024 188 ier

111 256 240 325 obruunt;
260 255 367 325 penitus
387 255 477 308 hieme
496 254 619 308 defossae
640 255 737 307 latent:
760 271 821 308 oum
841 255 887 308 niii
903 254 1025 310 discussa

111 325 213 395 aperire
225 325 337 378 humum
349 326 442 395 coepit,
453 325 526 377 coelo
536 325 638 394 solique
648 322 800 377 redduntur.
825 325 948 378 Cetemm
957 326 1025 380 adeo

112 397 182 448 altae
202 395 277 447 nives
295 405 418 465 premunt
438 406 542 464 terram,
561 396 623 463 gelu
642 402 668 446 et
688 403 817 462 perpetuo
836 412 921 464 paene
941 397 1025 464 rigore

113 465 276 534 constrictae,
298 473 327 517 ut
350 482 384 517 ne
407 465 499 517 avium
519 465 630 533 quidem
651 463 760 515 feraeve
785 463 865 516 ullius
882 466 1025 533 vestigium

113 544 193 587 extet.
229 534 347 587 Obscura
367 535 434 586 coeli
452 535 540 588 verius
560 532 655 586 umbra
672 550 752 602 quam
772 532 835 602 lux,¹
848 544 908 586 noct
921 535 1023 605 similis,

112 604 208 674 premit
221 613 327 673 terram,
340 604 384 656 viii
398 614 425 656 ut
438 620 507 673 quae
519 620 600 676 prope
613 612 673 655 sunt
686 603 802 670 conspici
815 603 923 672 possint.

151 678 189 726 13.
208 674 238 726 In
262 673 313 726 hae
333 682 423 726 tamen
441 674 529 727 omnis
548 672 658 734 humani
678 671 765 724 cultus
785 672 926 726 solitudine
945 674 1024 726 desti·

113 744 195 796 tutus²
213 743 353 812 exercitus,
372 742 500 812 quioquid
524 742 654 795 malorum
675 741 779 794 tolerari
800 753 886 812 potest
928 744 1023 814 ertulit,

114 814 237 882 inopiam,
262 812 351 882 frigus,
376 811 567 881 lassitudinem,
592 811 815 880 desperationem.
858 762 959 865 Mullos
980 832 1024 867 ex·

113 883 242 936 animavit
272 882 339 950 rigor
362 882 482 934 insolitus
504 882 589 950 nivis,
616 880 758 934 multorum
783 881 901 934 adussit³
923 882 1022 952 pedes:

113 952 286 1021 plurimorum
316 950 398 1003 oculis
429 951 572 1020 praecipue
602 949 780 1020 perniciabilis
809 951 867 1004 luit.
911 953 1024 1021 Fatigati

114 1021 213 1090 quippe
225 1021 250 1072 in
264 1022 320 1089 ipso
337 1020 400 1088 gelu
411 1020 562 1072 deficientia
574 1037 681 1090 corpora
693 1019 861 1074 sternebant:
880 1039 949 1091 quae
962 1040 1024 1075 cum
1100 1080 1106 1089 ¹

113 1090 215 1143 moveri
234 1088 373 1158 desissent,
391 1090 432 1141 vis
449 1089 553 1158 frigoris
572 1089 609 1142 ita
628 1089 817 1158 adstringebat,
837 1101 865 1144 iit
884 1109 973 1144 rursus
989 1091 1023 1144 ad

115 1158 275 1226 surgendum
289 1159 397 1211 conniti⁴
408 1175 458 1212 non
471 1167 585 1229 possent.
621 1161 646 1212 A
658 1159 881 1213 commilitonibus
893 1171 1026 1230 torpentes

114 1228 313 1280 excitabantur:
334 1245 419 1297 neque
437 1229 511 1281 aliud
530 1228 678 1282 remedium
696 1239 760 1297 erat,
773 1247 854 1299 quam
875 1240 902 1282 nt
922 1230 1024 1298 ingredi

115 1307 277 1365 cogerentur.
313 1298 382 1350 Turn
392 1298 500 1351 demum
514 1297 587 1350 vitali
599 1299 685 1351 calore
698 1308 776 1368 moto,
790 1298 919 1352 membris
931 1301 1026 1368 aliquis

116 1367 219 1420 redibat
237 1368 317 1435 vigor.
354 1368 380 1420 Si
398 1369 443 1438 qui
465 1369 570 1436 tuguria
589 1367 760 1421 barbarorum
780 1369 852 1421 adire
877 1380 1024 1439 potuerunt,

115 1437 238 1489 celeriter
257 1437 350 1490 refecti
374 1446 442 1490 sunt.
486 1439 537 1491 Sed
561 1445 634 1490 tanta
657 1437 742 1505 caligo
766 1447 828 1507 erat,
851 1448 879 1491 ut
902 1439 1025 1492 aedificia

116 1507 187 1560 nulla
199 1505 252 1558 alia
265 1523 306 1558 res
318 1524 398 1576 quarn
412 1508 503 1561 lunius
514 1507 674 1560 ostenderet.
712 1507 753 1560 llli
770 1515 904 1577 nunquam
923 1519 985 1561 ante
999 1512 1024 1562 in

115 1577 190 1630 terris
210 1578 264 1628 suis
282 1576 387 1630 advena
404 1578 467 1646 viso,
488 1595 549 1631 cuni
568 1586 686 1636 armatos
705 1586 814 1646 repente
834 1579 1024 1648 conspicerent,

115 1647 259 1699 exanimati
277 1654 358 1713 metu,
372 1647 499 1716 quicquid
517 1648 543 1699 in
561 1647 671 1716 tuguriis
689 1656 744 1699 erat
762 1647 917 1718 afferebant,
931 1660 959 1701 ut
970 1666 1025 1702 cor-

115 1716 221 1786 poribus
238 1716 356 1785 ipsorum
374 1726 525 1786 parceretur
536 1725 649 1769 orantes.
685 1716 743 1770 Reii
759 1734 856 1784 agmen
870 1719 1025 1771 circumibat

115 1785 206 1854 pedes,
218 1785 339 1855 jacentes
375 1787 485 1839 uosdam
503 1788 616 1854 erigens,
628 1795 655 1839 et
667 1786 740 1854 alios,
753 1803 815 1839 oum
833 1804 913 1856 aegre
931 1805 1025 1857 seque-

117 1865 212 1922 rentur,
225 1803 387 1908 adminiculo
405 1855 519 1925 corporis
540 1856 581 1908 sui
599 1854 755 1924 excipiens.⁶
789 1857 868 1909 Nunc
887 1856 920 1908 ad
941 1860 1026 1925 prima

116 1926 198 1992 signa,
212 1924 322 1976 nuncin
334 1923 473 1994 medium,⁶
486 1941 555 1976 nunc
567 1925 593 1976 in
606 1923 700 1978 ultimo
712 1924 826 1992 agmine,
840 1925 940 1977 itineris
958 1927 1039 1978 mul:

116 1993 234 2062 tiplicato
247 1993 336 2046 labore
347 1993 447 2047 aderat.
484 1993 605 2046 Tandem
623 1993 658 2046 ad
676 1993 734 2046 looa
746 1993 857 2046 cultiora
869 2006 1026 2064 perventum

116 2073 165 2131 est,
185 2071 391 2132 commeatuque
412 2063 484 2130 largo
505 2071 639 2116 recreatus
658 2063 806 2116 exercitus:
835 2064 914 2116 simul
935 2074 961 2117 et
980 2066 1026 2134 qni

116 2132 243 2199 consequi
256 2149 306 2184 non
319 2141 465 2202 potuerant,
480 2132 505 2184 iii
518 2133 563 2184 illa
575 2142 661 2185 castra
672 2141 811 2185 venerunt.

155 2207 193 2253 14.
213 2201 280 2253 Inde⁴
300 2218 397 2270 agmen
420 2203 549 2272 processit
571 2202 605 2255 ad
625 2203 774 2255 Caucasum
794 2205 933 2272 montem,⁷
949 2204 1027 2273 cujus

116 2269 224 2323 dorsum
236 2270 329 2323 Asiam
342 2285 469 2341 perpetuo
480 2272 543 2341 jugo
554 2271 665 2324 dividit:
685 2271 746 2324 hinc
763 2272 843 2325 simul
861 2290 943 2342 mare,
956 2275 1026 2342 quod

117 2340 238 2392 Ciliciam
262 2339 341 2409 subit,
362 2340 434 2393 illino
457 2342 583 2411 Caspium
607 2342 702 2395 fretum
728 2350 755 2393 et
777 2359 886 2394 amnem
907 2345 1025 2395 Araxem

147 2463 154 2484 ¹
167 2455 265 2514 Wittily
276 2455 341 2503 said:
362 2455 439 2502 ‘their
447 2455 471 2523 ¹li
489 2455 524 2510 ht,
537 2470 572 2509 oi,
586 2471 612 2503 as
628 2455 646 2502 it
663 2470 718 2514 may
733 2456 763 2522 be
779 2471 848 2523 more
862 2455 927 2515 truly
938 2455 1025 2509 called,

117 2515 235 2574 shadowy
245 2516 356 2570 obscure,
369 2513 422 2561 hall
429 2471 506 2573 night,
518 2513 572 2561 hall
579 2514 642 2573 day.’
677 2513 795 2561 Classical
806 2525 899 2561 writers
911 2515 987 2572 speali
997 2514 1025 2562 ol

118 2574 136 2621 it
148 2591 174 2622 as
185 2590 230 2621 one
241 2573 269 2620 ol
276 2574 317 2621 the
329 2574 392 2621 main
404 2573 588 2633 disadvantages
599 2572 626 2620 of
634 2573 674 2620 the
686 2572 800 2620 northern
808 2573 913 2633 regions,
922 2574 974 2621 that
985 2574 1027 2622 the

118 2634 211 2740 lightlis
218 2643 263 2740 qut
275 2648 333 2738 purte
344 2633 391 2681 and
401 2632 546 2740 bright‚dbut
557 2632 638 2738 qather
643 2631 753 2738 prayish.
872 2623 877 2639 ⁸
1029 2649 1030 2652 ¹

166 2699 171 2719 ‘
204 2709 216 2739 e
240 2728 245 2746 ‚
269 2708 314 2740 asi
336 2707 479 2748 were,oua
506 2707 560 2739 eser
581 2707 666 2739 isan.

147 2752 220 2799 ΗΤο
237 2754 266 2798 be
282 2752 372 2807 burnt,'
386 2752 432 2800 and
445 2756 485 2799 ‘to
496 2753 526 2800 be
536 2750 703 2806 trost-uinea*
717 2766 757 2798 are
768 2750 899 2809 expressed
914 2751 938 2798 in
955 2751 1027 2799 Latin
1086 2809 1089 2814 Ι
1127 2736 1132 2750 ’

118 2814 156 2899 by⁴
162 2811 204 2897 qhe
215 2827 282 2859 suine
294 2810 368 2866 word,
380 2814 429 2866 uri,
442 2812 545 2892 bepause
557 2810 598 2858 the
610 2809 719 2870 physical
727 2809 814 2858 effecte
825 2809 917 2858 arethe
929 2826 1003 2859 same.

146 2870 930 3037 :illlillllllilimnitriane..

118 3049 215 3117 implies
225 3049 267 3117 tlie
278 3005 370 3116 idaeos
379 3047 466 3107 ‘going
477 3005 547 3094 ,ollas
559 3047 614 3094 well
625 3063 652 3094 as
665 3023 673 3073 l
680 3047 753 3106 being
763 3047 795 3094 in'
809 3022 909 3115 apl’ace.

147 3113 155 3135 Ἰ
167 3108 230 3176 This
241 3123 261 3155 is
272 3106 314 3154 the
325 3106 422 3174 highest
434 3116 485 3164 part
497 3105 525 3153 of
532 3105 657 3174 theronge
668 3104 696 3152 of
703 3105 881 3165 Paropamisos.
906 3106 961 3153 The
973 3105 1026 3153 Ma·

118 3167 254 3236 oedonrans
260 3165 336 3214 called
353 3165 519 3234 it10auclasus,
533 3165 622 3220 which,
635 3164 794 3234 indeed,.was
805 3164 922 3233 probably
933 3181 947 3211 a
957 3180 1027 3232 name

118 3242 191 3332 llven
207 3237 231 3272 ²⁰
247 3224 936 3335 l.lt.².¹l.¹.¹¹l.tltl.¹lttllt.tllltl⁶⁸.tltltlill
944 3223 1033 3328 llll

118 3301 266 3404 pqpsqqqqew
277 3345 306 3390 be
318 3343 457 3390 considered
469 3359 495 3390 as
507 3343 641 3391 connected
650 3318 767 3391 witbtlie
776 3337 1053 3391 Qanmuasffiffiss

117 3403 222 3451 situated
234 3405 345 3456 between
358 3404 397 3452 the
410 3401 490 3453 Black
502 3403 553 3454 Sea
563 3403 612 3455 aud
622 3403 667 3454 the
678 3403 806 3462 omnim.
