<?xml version="1.0" encoding="UTF-8"?>
<!DOCTYPE html PUBLIC "-//W3C//DTD XHTML 1.0 Transitional//EN"
    "http://www.w3.org/TR/xhtml1/DTD/xhtml1-transitional.dtd">
<html xmlns="http://www.w3.org/1999/xhtml" xml:lang="en" lang="en">
 <head>
  <title>
</title>
<meta http-equiv="Content-Type" content="text/html;charset=utf-8" />
  <meta name='ocr-system' content='tesseract 3.04.00' />
  <meta name='ocr-capabilities' content='ocr_page ocr_carea ocr_par ocr_line ocrx_word'/>
</head>
<body>
  <div class='ocr_page' id='page_1' title='image "./degestisalexand00rufugoog_0332.png"; bbox 0 0 2274 3772; ppageno 0'>
   <div class='ocr_carea' id='block_1_1' title="bbox 496 205 1023 263">
    <p class='ocr_par' dir='ltr' id='par_1_1' title="bbox 496 205 1023 263">
     <span class='ocr_line' id='line_1_1' title="bbox 496 205 1023 263; baseline 0.008 -4"><span class='ocrx_word' id='word_1_1' title='bbox 496 218 588 259; x_wconf 78' lang='lat' dir='ltr'>arasa</span> <span class='ocrx_word' id='word_1_2' title='bbox 607 218 638 259; x_wconf 87' lang='lat' dir='ltr'>x.</span> <span class='ocrx_word' id='word_1_3' title='bbox 964 205 1023 263; x_wconf 78' lang='grc'>319</span> 
     </span>
    </p>
   </div>
   <div class='ocr_carea' id='block_1_2' title="bbox 111 327 1023 2758">
    <p class='ocr_par' dir='ltr' id='par_1_2' title="bbox 111 327 1023 2410">
     <span class='ocr_line' id='line_1_2' title="bbox 149 327 1023 399; baseline 0.008 -20"><span class='ocrx_word' id='word_1_4' title='bbox 149 330 190 379; x_wconf 80' lang='lat'>23.</span> <span class='ocrx_word' id='word_1_5' title='bbox 209 327 333 382; x_wconf 87' lang='lat' dir='ltr'>Ceterum</span> <span class='ocrx_word' id='word_1_6' title='bbox 356 327 424 381; x_wconf 87' lang='lat' dir='ltr'>haec</span> <span class='ocrx_word' id='word_1_7' title='bbox 446 327 520 395; x_wconf 84' lang='lat' dir='ltr'>vulgi</span> <span class='ocrx_word' id='word_1_8' title='bbox 544 335 599 380; x_wconf 90' lang='lat' dir='ltr'>erat</span> <span class='ocrx_word' id='word_1_9' title='bbox 622 344 681 397; x_wconf 84' lang='lat' dir='ltr'>vox,</span> <span class='ocrx_word' id='word_1_10' title='bbox 705 328 856 399; x_wconf 75' lang='lat' dir='ltr'><strong>principum</strong></span> <span class='ocrx_word' id='word_1_11' title='bbox 883 329 937 384; x_wconf 90' lang='lat' dir='ltr'>alia</span> <span class='ocrx_word' id='word_1_12' title='bbox 962 345 1023 386; x_wconf 86' lang='lat' dir='ltr'>sen-</span> 
     </span>
     <span class='ocr_line' id='line_1_3' title="bbox 114 397 1022 473; baseline 0.004 -23"><span class='ocrx_word' id='word_1_13' title='bbox 114 397 205 450; x_wconf 90' lang='lat' dir='ltr'>tentia.</span> <span class='ocrx_word' id='word_1_14' title='bbox 242 397 375 467; x_wconf 86' lang='lat' dir='ltr'>Equibus</span> <span class='ocrx_word' id='word_1_15' title='bbox 392 397 487 450; x_wconf 82' lang='lat' dir='ltr'>Pithon</span> <span class='ocrx_word' id='word_1_16' title='bbox 504 397 643 450; x_wconf 90' lang='lat' dir='ltr'>eonsilium</span> <span class='ocrx_word' id='word_1_17' title='bbox 660 398 804 451; x_wconf 79' lang='lat' dir='ltr'>Perdiccae</span> <span class='ocrx_word' id='word_1_18' title='bbox 817 415 851 452; x_wconf 86' lang='lat' dir='ltr'>ex</span> <span class='ocrx_word' id='word_1_19' title='bbox 886 401 914 453; x_wconf 91' lang='lat' dir='ltr'>ui</span> <span class='ocrx_word' id='word_1_20' title='bbox 926 402 1022 473; x_wconf 80' lang='lat' dir='ltr'>coepit,</span> 
     </span>
     <span class='ocr_line' id='line_1_4' title="bbox 114 467 1023 536; baseline 0.007 -17"><span class='ocrx_word' id='word_1_21' title='bbox 114 474 266 536; x_wconf 90' lang='lat' dir='ltr'>tutoresque</span> <span class='ocrx_word' id='word_1_22' title='bbox 289 467 404 520; x_wconf 88' lang='lat' dir='ltr'>destinat</span> <span class='ocrx_word' id='word_1_23' title='bbox 426 467 481 520; x_wconf 89' lang='lat' dir='ltr'>filio</span> <span class='ocrx_word' id='word_1_24' title='bbox 506 482 540 518; x_wconf 87' lang='lat' dir='ltr'>ex</span> <span class='ocrx_word' id='word_1_25' title='bbox 564 467 672 520; x_wconf 86' lang='lat' dir='ltr'>Roxane</span> <span class='ocrx_word' id='word_1_26' title='bbox 698 467 785 521; x_wconf 85' lang='lat' dir='ltr'>sutum</span> <span class='ocrx_word' id='word_1_27' title='bbox 815 468 852 521; x_wconf 92' lang='lat' dir='ltr'>Pe</span> <span class='ocrx_word' id='word_1_28' title='bbox 884 469 971 524; x_wconf 91' lang='lat' dir='ltr'>icearn</span> <span class='ocrx_word' id='word_1_29' title='bbox 995 481 1023 525; x_wconf 93' lang='lat' dir='ltr'>et</span> 
     </span>
     <span class='ocr_line' id='line_1_5' title="bbox 114 535 1023 611; baseline 0.004 -21"><span class='ocrx_word' id='word_1_30' title='bbox 114 535 285 607; x_wconf 80' lang='lat' dir='ltr'><strong>Leonnatum,</strong></span> <span class='ocrx_word' id='word_1_31' title='bbox 310 537 390 605; x_wconf 80' lang='lat' dir='ltr'>stirpe</span> <span class='ocrx_word' id='word_1_32' title='bbox 413 537 485 605; x_wconf 83' lang='lat' dir='ltr'>regia</span> <span class='ocrx_word' id='word_1_33' title='bbox 507 535 618 604; x_wconf 89' lang='lat' dir='ltr'>genitos.</span> <span class='ocrx_word' id='word_1_34' title='bbox 660 537 776 608; x_wconf 85' lang='lat' dir='ltr'>Adjecit,</span> <span class='ocrx_word' id='word_1_35' title='bbox 801 546 830 591; x_wconf 94' lang='lat' dir='ltr'>ut</span> <span class='ocrx_word' id='word_1_36' title='bbox 859 539 887 592; x_wconf 91' lang='lat' dir='ltr'>in</span> <span class='ocrx_word' id='word_1_37' title='bbox 916 540 1023 611; x_wconf 83' lang='lat' dir='ltr'>Europa</span> 
     </span>
     <span class='ocr_line' id='line_1_6' title="bbox 114 605 1023 679; baseline 0.004 -20"><span class='ocrx_word' id='word_1_38' title='bbox 114 605 236 659; x_wconf 84' lang='lat' dir='ltr'>Craterus</span> <span class='ocrx_word' id='word_1_39' title='bbox 258 614 285 658; x_wconf 93' lang='lat' dir='ltr'>et</span> <span class='ocrx_word' id='word_1_40' title='bbox 309 605 449 674; x_wconf 76' lang='lat' dir='ltr'>Antipater</span> <span class='ocrx_word' id='word_1_41' title='bbox 472 622 515 658; x_wconf 90' lang='lat' dir='ltr'>res</span> <span class='ocrx_word' id='word_1_42' title='bbox 536 605 758 659; x_wconf 78' lang='lat' dir='ltr'>administrarent.</span> <span class='ocrx_word' id='word_1_43' title='bbox 799 607 870 660; x_wconf 89' lang='lat' dir='ltr'>Tum</span> <span class='ocrx_word' id='word_1_44' title='bbox 891 608 1023 679; x_wconf 87' lang='lat' dir='ltr'>jusjuran-</span> 
     </span>
     <span class='ocr_line' id='line_1_7' title="bbox 114 673 1023 748; baseline 0.003 -19"><span class='ocrx_word' id='word_1_45' title='bbox 114 674 179 729; x_wconf 87' lang='lat' dir='ltr'>dum</span> <span class='ocrx_word' id='word_1_46' title='bbox 201 693 218 728; x_wconf 94' lang='lat' dir='ltr'>a</span> <span class='ocrx_word' id='word_1_47' title='bbox 238 675 348 744; x_wconf 82' lang='lat' dir='ltr'>singulis</span> <span class='ocrx_word' id='word_1_48' title='bbox 370 683 501 743; x_wconf 85' lang='lat' dir='ltr'>exactum,</span> <span class='ocrx_word' id='word_1_49' title='bbox 522 673 624 727; x_wconf 83' lang='lat' dir='ltr'>futuros</span> <span class='ocrx_word' id='word_1_50' title='bbox 646 675 672 728; x_wconf 90' lang='lat' dir='ltr'>in</span> <span class='ocrx_word' id='word_1_51' title='bbox 696 683 826 745; x_wconf 77' lang='lat' dir='ltr'>potestate</span> <span class='ocrx_word' id='word_1_52' title='bbox 850 679 919 746; x_wconf 81' lang='lat' dir='ltr'>regis</span> <span class='ocrx_word' id='word_1_53' title='bbox 941 679 1023 748; x_wconf 88' lang='lat' dir='ltr'>geniti</span> 
     </span>
     <span class='ocr_line' id='line_1_8' title="bbox 114 744 1021 818; baseline 0.004 -20"><span class='ocrx_word' id='word_1_54' title='bbox 114 744 274 798; x_wconf 83' lang='lat' dir='ltr'>Alexandro.</span> <span class='ocrx_word' id='word_1_55' title='bbox 310 744 456 812; x_wconf 81' lang='lat' dir='ltr'>Meleager,</span> <span class='ocrx_word' id='word_1_56' title='bbox 475 744 545 797; x_wconf 89' lang='lat' dir='ltr'>haud</span> <span class='ocrx_word' id='word_1_57' title='bbox 563 744 658 814; x_wconf 89' lang='lat' dir='ltr'>injuria</span> <span class='ocrx_word' id='word_1_58' title='bbox 675 753 750 798; x_wconf 89' lang='lat' dir='ltr'>metu</span> <span class='ocrx_word' id='word_1_59' title='bbox 768 747 891 815; x_wconf 89' lang='lat' dir='ltr'>supplicii</span> <span class='ocrx_word' id='word_1_60' title='bbox 910 749 1021 818; x_wconf 85' lang='lat' dir='ltr'>territus,</span> 
     </span>
     <span class='ocr_line' id='line_1_9' title="bbox 114 813 1023 888; baseline 0.006 -21"><span class='ocrx_word' id='word_1_61' title='bbox 114 831 176 868; x_wconf 90' lang='lat' dir='ltr'>cum</span> <span class='ocrx_word' id='word_1_62' title='bbox 189 815 244 867; x_wconf 91' lang='lat' dir='ltr'>suis</span> <span class='ocrx_word' id='word_1_63' title='bbox 256 823 410 867; x_wconf 86' lang='lat' dir='ltr'>secesserat.</span> <span class='ocrx_word' id='word_1_64' title='bbox 439 815 540 868; x_wconf 86' lang='lat' dir='ltr'>Rursus</span> <span class='ocrx_word' id='word_1_65' title='bbox 552 813 619 867; x_wconf 90' lang='lat' dir='ltr'>Phili</span> <span class='ocrx_word' id='word_1_66' title='bbox 658 831 703 867; x_wconf 89' lang='lat' dir='ltr'>um</span> <span class='ocrx_word' id='word_1_67' title='bbox 713 814 820 868; x_wconf 84' lang='lat' dir='ltr'>trahens</span> <span class='ocrx_word' id='word_1_68' title='bbox 828 833 922 871; x_wconf 92' lang='lat' dir='ltr'>secum</span> <span class='ocrx_word' id='word_1_69' title='bbox 931 819 1023 888; x_wconf 88' lang='lat' dir='ltr'>irrupit</span> 
     </span>
     <span class='ocr_line' id='line_1_10' title="bbox 114 831 1023 956; baseline 0.006 -20"><span class='ocrx_word' id='word_1_70' title='bbox 114 884 233 953; x_wconf 84' lang='lat' dir='ltr'>regiam,¹</span> <span class='ocrx_word' id='word_1_71' title='bbox 245 883 387 937; x_wconf 89' lang='lat' dir='ltr'>clamitans</span> <span class='ocrx_word' id='word_1_72' title='bbox 399 883 536 952; x_wconf 84' lang='lat' dir='ltr'>suffragari</span> <span class='ocrx_word' id='word_1_73' title='bbox 549 831 710 953; x_wconf 55' lang='lat' dir='ltr'>reipusslieae</span> <span class='ocrx_word' id='word_1_74' title='bbox 728 884 762 935; x_wconf 92' lang='lat' dir='ltr'>de</span> <span class='ocrx_word' id='word_1_75' title='bbox 781 901 847 938; x_wconf 92' lang='lat' dir='ltr'>novo</span> <span class='ocrx_word' id='word_1_76' title='bbox 863 903 925 956; x_wconf 85' lang='lat' dir='ltr'>rege</span> <span class='ocrx_word' id='word_1_77' title='bbox 944 887 1023 956; x_wconf 88' lang='lat' dir='ltr'>paulo</span> 
     </span>
     <span class='ocr_line' id='line_1_11' title="bbox 112 953 1021 1037; baseline 0.006 -31"><span class='ocrx_word' id='word_1_78' title='bbox 112 962 175 1006; x_wconf 90' lang='lat' dir='ltr'>ante</span> <span class='ocrx_word' id='word_1_79' title='bbox 197 954 353 1023; x_wconf 77' lang='lat' dir='ltr'>conceptoz²</span> <span class='ocrx_word' id='word_1_80' title='bbox 375 953 453 1008; x_wconf 89' lang='lat' dir='ltr'>robur</span> <span class='ocrx_word' id='word_1_81' title='bbox 474 953 570 1006; x_wconf 90' lang='lat' dir='ltr'>aetatis</span> <span class='ocrx_word' id='word_1_82' title='bbox 592 954 787 1023; x_wconf 71' lang='lat' dir='ltr'>experirentur,</span> <span class='ocrx_word' id='word_1_83' title='bbox 810 955 889 1008; x_wconf 89' lang='lat' dir='ltr'>modo</span> <span class='ocrx_word' id='word_1_84' title='bbox 912 957 1021 1037; x_wconf 85' lang='lat' dir='ltr'>stirpem</span> 
     </span>
     <span class='ocr_line' id='line_1_12' title="bbox 113 1022 1023 1093; baseline 0.004 -17"><span class='ocrx_word' id='word_1_85' title='bbox 113 1022 235 1093; x_wconf 91' lang='lat' dir='ltr'>Philippi,</span> <span class='ocrx_word' id='word_1_86' title='bbox 254 1033 281 1076; x_wconf 91' lang='lat' dir='ltr'>et</span> <span class='ocrx_word' id='word_1_87' title='bbox 304 1023 388 1075; x_wconf 87' lang='lat' dir='ltr'>filium</span> <span class='ocrx_word' id='word_1_88' title='bbox 411 1039 444 1075; x_wconf 92' lang='lat' dir='ltr'>ac</span> <span class='ocrx_word' id='word_1_89' title='bbox 467 1024 575 1075; x_wconf 82' lang='lat' dir='ltr'>fratrem</span> <span class='ocrx_word' id='word_1_90' title='bbox 596 1038 689 1090; x_wconf 86' lang='lat' dir='ltr'>regum</span> <span class='ocrx_word' id='word_1_91' title='bbox 709 1022 830 1093; x_wconf 89' lang='lat' dir='ltr'>duorum,</span> <span class='ocrx_word' id='word_1_92' title='bbox 849 1025 966 1078; x_wconf 90' lang='lat' dir='ltr'>sibirnetr</span> <span class='ocrx_word' id='word_1_93' title='bbox 986 1027 1023 1080; x_wconf 85' lang='lat' dir='ltr'>sis</span> 
     </span>
     <span class='ocr_line' id='line_1_13' title="bbox 112 1045 1022 1164; baseline 0.005 -19"><span class='ocrx_word' id='word_1_94' title='bbox 112 1093 278 1164; x_wconf 89' lang='lat' dir='ltr'>potissimum</span> <span class='ocrx_word' id='word_1_95' title='bbox 303 1092 449 1145; x_wconf 86' lang='lat' dir='ltr'>crederent.</span> <span class='ocrx_word' id='word_1_96' title='bbox 494 1091 605 1145; x_wconf 90' lang='lat' dir='ltr'>Nullum</span> <span class='ocrx_word' id='word_1_97' title='bbox 628 1091 786 1161; x_wconf 83' lang='lat' dir='ltr'>profundum</span> <span class='ocrx_word' id='word_1_98' title='bbox 810 1111 893 1164; x_wconf 89' lang='lat' dir='ltr'>mare,</span> <span class='ocrx_word' id='word_1_99' title='bbox 918 1045 1022 1152; x_wconf 75' lang='lat' dir='ltr'>nullm</span> 
     </span>
     <span class='ocr_line' id='line_1_14' title="bbox 112 1161 1023 1233; baseline 0.005 -19"><span class='ocrx_word' id='word_1_100' title='bbox 112 1170 218 1215; x_wconf 90' lang='lat' dir='ltr'>vastum</span> <span class='ocrx_word' id='word_1_101' title='bbox 242 1161 340 1215; x_wconf 82' lang='lat' dir='ltr'>fretum</span> <span class='ocrx_word' id='word_1_102' title='bbox 362 1171 389 1214; x_wconf 89' lang='lat' dir='ltr'>et</span> <span class='ocrx_word' id='word_1_103' title='bbox 412 1161 587 1231; x_wconf 90' lang='lat' dir='ltr'>procellosum</span> <span class='ocrx_word' id='word_1_104' title='bbox 607 1168 693 1213; x_wconf 89' lang='lat' dir='ltr'>tantos</span> <span class='ocrx_word' id='word_1_105' title='bbox 712 1163 766 1215; x_wconf 90' lang='lat' dir='ltr'>ciet</span> <span class='ocrx_word' id='word_1_106' title='bbox 785 1163 890 1233; x_wconf 87' lang='lat' dir='ltr'>fluctus,</span> <span class='ocrx_word' id='word_1_107' title='bbox 909 1175 1023 1233; x_wconf 88' lang='lat' dir='ltr'>quantos</span> 
     </span>
     <span class='ocr_line' id='line_1_15' title="bbox 113 1231 1023 1301; baseline 0.004 -17"><span class='ocrx_word' id='word_1_108' title='bbox 113 1231 255 1285; x_wconf 89' lang='lat' dir='ltr'>multitudo</span> <span class='ocrx_word' id='word_1_109' title='bbox 278 1239 368 1284; x_wconf 90' lang='lat' dir='ltr'>motus</span> <span class='ocrx_word' id='word_1_110' title='bbox 390 1231 479 1301; x_wconf 92' lang='lat' dir='ltr'>habet,</span> <span class='ocrx_word' id='word_1_111' title='bbox 498 1231 589 1300; x_wconf 91' lang='lat' dir='ltr'>utique</span> <span class='ocrx_word' id='word_1_112' title='bbox 613 1231 635 1282; x_wconf 91' lang='lat' dir='ltr'>si</span> <span class='ocrx_word' id='word_1_113' title='bbox 658 1247 727 1283; x_wconf 91' lang='lat' dir='ltr'>nova</span> <span class='ocrx_word' id='word_1_114' title='bbox 749 1240 776 1284; x_wconf 95' lang='lat' dir='ltr'>et</span> <span class='ocrx_word' id='word_1_115' title='bbox 800 1231 874 1286; x_wconf 90' lang='lat' dir='ltr'>brevi</span> <span class='ocrx_word' id='word_1_116' title='bbox 897 1233 1023 1288; x_wconf 87' lang='lat' dir='ltr'>duratura</span> 
     </span>
     <span class='ocr_line' id='line_1_16' title="bbox 113 1300 1023 1372; baseline 0.002 -17"><span class='ocrx_word' id='word_1_117' title='bbox 113 1301 239 1355; x_wconf 55' lang='lat' dir='ltr'>libertate&gt;</span> <span class='ocrx_word' id='word_1_118' title='bbox 263 1300 385 1354; x_wconf 87' lang='lat' dir='ltr'>luxuriat.</span> <span class='ocrx_word' id='word_1_119' title='bbox 423 1300 505 1353; x_wconf 84' lang='lat' dir='ltr'>Pauci</span> <span class='ocrx_word' id='word_1_120' title='bbox 534 1300 677 1353; x_wconf 88' lang='lat' dir='ltr'>Perdiccae</span> <span class='ocrx_word' id='word_1_121' title='bbox 706 1301 785 1354; x_wconf 93' lang='lat' dir='ltr'>modo</span> <span class='ocrx_word' id='word_1_122' title='bbox 814 1302 908 1370; x_wconf 90' lang='lat' dir='ltr'>electo,</span> <span class='ocrx_word' id='word_1_123' title='bbox 933 1303 1023 1372; x_wconf 85' lang='lat' dir='ltr'>plures</span> 
     </span>
     <span class='ocr_line' id='line_1_17' title="bbox 113 1369 1021 1444; baseline 0.001 -20"><span class='ocrx_word' id='word_1_124' title='bbox 113 1369 243 1440; x_wconf 90' lang='lat' dir='ltr'>Philippo,</span> <span class='ocrx_word' id='word_1_125' title='bbox 263 1386 345 1440; x_wconf 88' lang='lat' dir='ltr'>quem</span> <span class='ocrx_word' id='word_1_126' title='bbox 369 1379 529 1439; x_wconf 87' lang='lat' dir='ltr'>spreverant,</span> <span class='ocrx_word' id='word_1_127' title='bbox 549 1370 690 1438; x_wconf 89' lang='lat' dir='ltr'>imperium</span> <span class='ocrx_word' id='word_1_128' title='bbox 713 1370 821 1423; x_wconf 88' lang='lat' dir='ltr'>dabant.</span> <span class='ocrx_word' id='word_1_129' title='bbox 865 1372 924 1424; x_wconf 91' lang='lat' dir='ltr'>Nec</span> <span class='ocrx_word' id='word_1_130' title='bbox 942 1373 1021 1444; x_wconf 88' lang='lat' dir='ltr'>velle,</span> 
     </span>
     <span class='ocr_line' id='line_1_18' title="bbox 112 1439 1021 1509; baseline 0.003 -16"><span class='ocrx_word' id='word_1_131' title='bbox 112 1456 163 1493; x_wconf 94' lang='lat' dir='ltr'>nec</span> <span class='ocrx_word' id='word_1_132' title='bbox 181 1439 250 1492; x_wconf 88' lang='lat' dir='ltr'>nolle</span> <span class='ocrx_word' id='word_1_133' title='bbox 267 1439 411 1509; x_wconf 89' lang='lat' dir='ltr'>quicquam</span> <span class='ocrx_word' id='word_1_134' title='bbox 429 1440 474 1493; x_wconf 91' lang='lat' dir='ltr'>diu</span> <span class='ocrx_word' id='word_1_135' title='bbox 494 1448 620 1509; x_wconf 87' lang='lat' dir='ltr'>poterant,</span> <span class='ocrx_word' id='word_1_136' title='bbox 639 1439 845 1509; x_wconf 89' lang='lat' dir='ltr'>poenitebatque</span> <span class='ocrx_word' id='word_1_137' title='bbox 864 1441 942 1494; x_wconf 88' lang='lat' dir='ltr'>modo</span> <span class='ocrx_word' id='word_1_138' title='bbox 961 1459 1021 1496; x_wconf 91' lang='lat' dir='ltr'>cou-</span> 
     </span>
     <span class='ocr_line' id='line_1_19' title="bbox 112 1508 1021 1579; baseline 0.002 -16"><span class='ocrx_word' id='word_1_139' title='bbox 112 1509 174 1579; x_wconf 90' lang='lat' dir='ltr'>silii,</span> <span class='ocrx_word' id='word_1_140' title='bbox 187 1509 265 1562; x_wconf 89' lang='lat' dir='ltr'>modo</span> <span class='ocrx_word' id='word_1_141' title='bbox 277 1509 455 1578; x_wconf 89' lang='lat' dir='ltr'>poeniteutiae</span> <span class='ocrx_word' id='word_1_142' title='bbox 474 1509 566 1578; x_wconf 88' lang='lat' dir='ltr'>ipsius.</span> <span class='ocrx_word' id='word_1_143' title='bbox 602 1509 644 1562; x_wconf 90' lang='lat' dir='ltr'>Ad</span> <span class='ocrx_word' id='word_1_144' title='bbox 663 1508 787 1562; x_wconf 91' lang='lat' dir='ltr'>ultimum</span> <span class='ocrx_word' id='word_1_145' title='bbox 808 1519 898 1563; x_wconf 89' lang='lat' dir='ltr'>tamen</span> <span class='ocrx_word' id='word_1_146' title='bbox 919 1511 945 1563; x_wconf 90' lang='lat' dir='ltr'>in</span> <span class='ocrx_word' id='word_1_147' title='bbox 965 1512 1021 1565; x_wconf 90' lang='lat' dir='ltr'>stir-</span> 
     </span>
     <span class='ocr_line' id='line_1_20' title="bbox 111 1577 1022 1650; baseline 0.002 -18"><span class='ocrx_word' id='word_1_148' title='bbox 111 1596 174 1650; x_wconf 87' lang='lat' dir='ltr'>pem</span> <span class='ocrx_word' id='word_1_149' title='bbox 204 1580 306 1648; x_wconf 87' lang='lat' dir='ltr'>regiam</span> <span class='ocrx_word' id='word_1_150' title='bbox 334 1578 494 1631; x_wconf 86' lang='lat' dir='ltr'>inclinavere</span> <span class='ocrx_word' id='word_1_151' title='bbox 524 1577 637 1631; x_wconf 74' lang='lat' dir='ltr'>studiis.⁸</span> <span class='ocrx_word' id='word_1_152' title='bbox 682 1579 804 1632; x_wconf 85' lang='lat' dir='ltr'>Cesserat</span> <span class='ocrx_word' id='word_1_153' title='bbox 835 1596 869 1633; x_wconf 82' lang='lat' dir='ltr'>ex</span> <span class='ocrx_word' id='word_1_154' title='bbox 898 1582 1022 1635; x_wconf 88' lang='lat' dir='ltr'>contione</span> 
     </span>
     <span class='ocr_line' id='line_1_21' title="bbox 112 1647 1021 1718; baseline 0.002 -16"><span class='ocrx_word' id='word_1_155' title='bbox 112 1648 282 1717; x_wconf 84' lang='lat' dir='ltr'>Arrhidaeus,</span> <span class='ocrx_word' id='word_1_156' title='bbox 306 1647 456 1717; x_wconf 87' lang='lat' dir='ltr'>principum</span> <span class='ocrx_word' id='word_1_157' title='bbox 479 1647 634 1701; x_wconf 90' lang='lat' dir='ltr'>auctoritate</span> <span class='ocrx_word' id='word_1_158' title='bbox 657 1649 827 1718; x_wconf 71' lang='lat' dir='ltr'>conterritus,</span> <span class='ocrx_word' id='word_1_159' title='bbox 854 1657 881 1702; x_wconf 92' lang='lat' dir='ltr'>et</span> <span class='ocrx_word' id='word_1_160' title='bbox 904 1650 1021 1705; x_wconf 86' lang='lat' dir='ltr'>abeunte</span> 
     </span>
     <span class='ocr_line' id='line_1_22' title="bbox 112 1718 1021 1787; baseline 0.003 -17"><span class='ocrx_word' id='word_1_161' title='bbox 112 1718 158 1771; x_wconf 92' lang='lat' dir='ltr'>illo</span> <span class='ocrx_word' id='word_1_162' title='bbox 169 1719 330 1771; x_wconf 85' lang='lat' dir='ltr'>conticuerat</span> <span class='ocrx_word' id='word_1_163' title='bbox 342 1718 435 1785; x_wconf 87' lang='lat' dir='ltr'>magis,</span> <span class='ocrx_word' id='word_1_164' title='bbox 448 1733 530 1786; x_wconf 90' lang='lat' dir='ltr'>quam</span> <span class='ocrx_word' id='word_1_165' title='bbox 548 1718 692 1787; x_wconf 87' lang='lat' dir='ltr'>languerat,</span> <span class='ocrx_word' id='word_1_166' title='bbox 711 1718 834 1771; x_wconf 88' lang='lat' dir='ltr'>militaris</span> <span class='ocrx_word' id='word_1_167' title='bbox 851 1718 933 1772; x_wconf 85' lang='lat' dir='ltr'>favor.</span> <span class='ocrx_word' id='word_1_168' title='bbox 970 1721 1021 1773; x_wconf 90' lang='lat' dir='ltr'>lta-</span> 
     </span>
     <span class='ocr_line' id='line_1_23' title="bbox 112 1786 1023 1856; baseline 0.002 -16"><span class='ocrx_word' id='word_1_169' title='bbox 112 1796 328 1856; x_wconf 82' lang='lat' dir='ltr'>que-revocatus</span> <span class='ocrx_word' id='word_1_170' title='bbox 350 1789 465 1838; x_wconf 85' lang='lat' dir='ltr'>vestem⁴</span> <span class='ocrx_word' id='word_1_171' title='bbox 488 1786 582 1854; x_wconf 86' lang='lat' dir='ltr'>fratris,</span> <span class='ocrx_word' id='word_1_172' title='bbox 607 1803 668 1838; x_wconf 89' lang='lat' dir='ltr'>eam</span> <span class='ocrx_word' id='word_1_173' title='bbox 692 1788 785 1856; x_wconf 85' lang='lat' dir='ltr'>ipsam,</span> <span class='ocrx_word' id='word_1_174' title='bbox 810 1805 880 1856; x_wconf 88' lang='lat' dir='ltr'>quae</span> <span class='ocrx_word' id='word_1_175' title='bbox 904 1789 931 1840; x_wconf 88' lang='lat' dir='ltr'>in</span> <span class='ocrx_word' id='word_1_176' title='bbox 955 1789 1023 1842; x_wconf 89' lang='lat' dir='ltr'>sella</span> 
     </span>
     <span class='ocr_line' id='line_1_24' title="bbox 112 1854 1022 1928; baseline 0.003 -20"><span class='ocrx_word' id='word_1_177' title='bbox 112 1857 196 1926; x_wconf 84' lang='lat' dir='ltr'>posita</span> <span class='ocrx_word' id='word_1_178' title='bbox 215 1857 308 1924; x_wconf 85' lang='lat' dir='ltr'>luerat,</span> <span class='ocrx_word' id='word_1_179' title='bbox 330 1855 456 1908; x_wconf 87' lang='lat' dir='ltr'>induitur.</span> <span class='ocrx_word' id='word_1_180' title='bbox 494 1856 527 1908; x_wconf 91' lang='lat' dir='ltr'>Et</span> <span class='ocrx_word' id='word_1_181' title='bbox 546 1854 685 1921; x_wconf 87' lang='lat' dir='ltr'>Meleager</span> <span class='ocrx_word' id='word_1_182' title='bbox 703 1855 810 1907; x_wconf 86' lang='lat' dir='ltr'>thorace</span> <span class='ocrx_word' id='word_1_183' title='bbox 829 1866 933 1927; x_wconf 89' lang='lat' dir='ltr'>sumpto</span> <span class='ocrx_word' id='word_1_184' title='bbox 951 1859 1022 1928; x_wconf 89' lang='lat' dir='ltr'>capit</span> 
     </span>
     <span class='ocr_line' id='line_1_25' title="bbox 112 1922 1022 1995; baseline 0.005 -19"><span class='ocrx_word' id='word_1_185' title='bbox 112 1941 195 1994; x_wconf 87' lang='lat' dir='ltr'>arma,</span> <span class='ocrx_word' id='word_1_186' title='bbox 214 1925 275 1977; x_wconf 91' lang='lat' dir='ltr'>novi</span> <span class='ocrx_word' id='word_1_187' title='bbox 292 1924 362 1992; x_wconf 85' lang='lat' dir='ltr'>regis</span> <span class='ocrx_word' id='word_1_188' title='bbox 379 1923 495 1977; x_wconf 82' lang='lat' dir='ltr'>satelles.</span> <span class='ocrx_word' id='word_1_189' title='bbox 532 1924 655 1992; x_wconf 91' lang='lat' dir='ltr'>Sequitur</span> <span class='ocrx_word' id='word_1_190' title='bbox 673 1922 797 1992; x_wconf 82' lang='lat' dir='ltr'>phalanx,</span> <span class='ocrx_word' id='word_1_191' title='bbox 817 1922 902 1977; x_wconf 89' lang='lat' dir='ltr'>hastis</span> <span class='ocrx_word' id='word_1_192' title='bbox 921 1926 1022 1995; x_wconf 82' lang='lat' dir='ltr'>clipeos</span> 
     </span>
     <span class='ocr_line' id='line_1_26' title="bbox 113 1992 1022 2063; baseline 0.003 -17"><span class='ocrx_word' id='word_1_193' title='bbox 113 1996 242 2063; x_wconf 84' lang='lat' dir='ltr'>quatiens,</span> <span class='ocrx_word' id='word_1_194' title='bbox 264 1992 401 2062; x_wconf 81' lang='lat' dir='ltr'>expletura</span> <span class='ocrx_word' id='word_1_195' title='bbox 424 2009 454 2045; x_wconf 92' lang='lat' dir='ltr'>se</span> <span class='ocrx_word' id='word_1_196' title='bbox 477 1992 605 2060; x_wconf 83' lang='lat' dir='ltr'>sauguine</span> <span class='ocrx_word' id='word_1_197' title='bbox 629 1992 742 2057; x_wconf 85' lang='lat' dir='ltr'>illorum,</span> <span class='ocrx_word' id='word_1_198' title='bbox 763 1993 809 2060; x_wconf 91' lang='lat' dir='ltr'>qui</span> <span class='ocrx_word' id='word_1_199' title='bbox 831 1993 1022 2049; x_wconf 79' lang='lat' dir='ltr'>affectaverant</span> 
     </span>
     <span class='ocr_line' id='line_1_27' title="bbox 113 2061 1022 2144; baseline 0.002 -28"><span class='ocrx_word' id='word_1_200' title='bbox 113 2063 180 2116; x_wconf 87' lang='lat' dir='ltr'>nihil</span> <span class='ocrx_word' id='word_1_201' title='bbox 190 2062 224 2115; x_wconf 91' lang='lat' dir='ltr'>ad</span> <span class='ocrx_word' id='word_1_202' title='bbox 237 2063 455 2132; x_wconf 87' lang='lat' dir='ltr'>ipsos-pertinens</span> <span class='ocrx_word' id='word_1_203' title='bbox 468 2078 587 2130; x_wconf 86' lang='lat' dir='ltr'>reguum.</span> <span class='ocrx_word' id='word_1_204' title='bbox 623 2061 651 2114; x_wconf 90' lang='lat' dir='ltr'>Irr</span> <span class='ocrx_word' id='word_1_205' title='bbox 665 2061 761 2114; x_wconf 89' lang='lat' dir='ltr'>eadem</span> <span class='ocrx_word' id='word_1_206' title='bbox 773 2062 852 2115; x_wconf 91' lang='lat' dir='ltr'>domo</span> <span class='ocrx_word' id='word_1_207' title='bbox 864 2063 1022 2144; x_wconf 83' lang='lat' dir='ltr'>familiaque</span> 
     </span>
     <span class='ocr_line' id='line_1_28' title="bbox 113 2130 1022 2202; baseline 0.002 -16"><span class='ocrx_word' id='word_1_208' title='bbox 113 2133 218 2202; x_wconf 89' lang='lat' dir='ltr'>imperii</span> <span class='ocrx_word' id='word_1_209' title='bbox 233 2134 304 2185; x_wconf 88' lang='lat' dir='ltr'>vires</span> <span class='ocrx_word' id='word_1_210' title='bbox 320 2148 487 2185; x_wconf 88' lang='lat' dir='ltr'>remansuras</span> <span class='ocrx_word' id='word_1_211' title='bbox 504 2149 564 2184; x_wconf 83' lang='lat' dir='ltr'>esse</span> <span class='ocrx_word' id='word_1_212' title='bbox 581 2130 748 2200; x_wconf 78' lang='lat' dir='ltr'>gaudebaut3</span> <span class='ocrx_word' id='word_1_213' title='bbox 767 2131 956 2186; x_wconf 91' lang='lat' dir='ltr'>hereditarium</span> <span class='ocrx_word' id='word_1_214' title='bbox 973 2151 1022 2188; x_wconf 86' lang='lat' dir='ltr'>rm·</span> 
     </span>
     <span class='ocr_line' id='line_1_29' title="bbox 112 2200 1020 2283; baseline 0.003 -29"><span class='ocrx_word' id='word_1_215' title='bbox 112 2203 215 2283; x_wconf 89' lang='lat' dir='ltr'>perium</span> <span class='ocrx_word' id='word_1_216' title='bbox 230 2201 340 2271; x_wconf 90' lang='lat' dir='ltr'>stirpem</span> <span class='ocrx_word' id='word_1_217' title='bbox 354 2200 454 2270; x_wconf 81' lang='lat' dir='ltr'>regiam</span> <span class='ocrx_word' id='word_1_218' title='bbox 467 2201 661 2255; x_wconf 85' lang='lat' dir='ltr'>vindicaturam</span> <span class='ocrx_word' id='word_1_219' title='bbox 670 2203 688 2268; x_wconf 81' lang='lat'>3⁶</span> <span class='ocrx_word' id='word_1_220' title='bbox 706 2209 826 2255; x_wconf 88' lang='lat' dir='ltr'>assuetos</span> <span class='ocrx_word' id='word_1_221' title='bbox 843 2219 904 2255; x_wconf 86' lang='lat' dir='ltr'>esse</span> <span class='ocrx_word' id='word_1_222' title='bbox 922 2219 1020 2257; x_wconf 91' lang='lat' dir='ltr'>nomen</span> 
     </span>
     <span class='ocr_line' id='line_1_30' title="bbox 112 2271 1022 2342; baseline 0.002 -17"><span class='ocrx_word' id='word_1_223' title='bbox 112 2289 200 2342; x_wconf 83' lang='lat' dir='ltr'>ipsum</span> <span class='ocrx_word' id='word_1_224' title='bbox 223 2272 310 2324; x_wconf 92' lang='lat' dir='ltr'>colere</span> <span class='ocrx_word' id='word_1_225' title='bbox 329 2271 509 2341; x_wconf 89' lang='lat' dir='ltr'>venerarique,</span> <span class='ocrx_word' id='word_1_226' title='bbox 533 2287 584 2324; x_wconf 91' lang='lat' dir='ltr'>nec</span> <span class='ocrx_word' id='word_1_227' title='bbox 607 2286 770 2340; x_wconf 88' lang='lat' dir='ltr'>quemquam</span> <span class='ocrx_word' id='word_1_228' title='bbox 794 2271 821 2323; x_wconf 93' lang='lat' dir='ltr'>id</span> <span class='ocrx_word' id='word_1_229' title='bbox 844 2288 949 2342; x_wconf 90' lang='lat' dir='ltr'>capere,</span> <span class='ocrx_word' id='word_1_230' title='bbox 970 2273 1022 2327; x_wconf 88' lang='lat' dir='ltr'>nisi</span> 
     </span>
     <span class='ocr_line' id='line_1_31' title="bbox 111 2342 413 2410; baseline -0.003 -17"><span class='ocrx_word' id='word_1_231' title='bbox 111 2342 230 2410; x_wconf 86' lang='lat' dir='ltr'>genitum</span> <span class='ocrx_word' id='word_1_232' title='bbox 242 2349 271 2394; x_wconf 91' lang='lat' dir='ltr'>ut</span> <span class='ocrx_word' id='word_1_233' title='bbox 284 2349 413 2408; x_wconf 80' lang='lat' dir='ltr'>regnaret.</span> 
     </span>
    </p>

    <p class='ocr_par' dir='ltr' id='par_1_3' title="bbox 111 2408 1021 2758">
     <span class='ocr_line' id='line_1_32' title="bbox 148 2408 1021 2479; baseline 0.003 -17"><span class='ocrx_word' id='word_1_234' title='bbox 148 2415 189 2464; x_wconf 82' lang='lat' dir='ltr'>at.</span> <span class='ocrx_word' id='word_1_235' title='bbox 207 2410 289 2479; x_wconf 85' lang='lat' dir='ltr'>igitur</span> <span class='ocrx_word' id='word_1_236' title='bbox 312 2408 437 2462; x_wconf 88' lang='lat' dir='ltr'>Perdicca</span> <span class='ocrx_word' id='word_1_237' title='bbox 459 2409 572 2478; x_wconf 88' lang='lat' dir='ltr'>territus,</span> <span class='ocrx_word' id='word_1_238' title='bbox 593 2408 728 2477; x_wconf 89' lang='lat' dir='ltr'>conclave,</span> <span class='ocrx_word' id='word_1_239' title='bbox 753 2409 780 2463; x_wconf 91' lang='lat' dir='ltr'>in</span> <span class='ocrx_word' id='word_1_240' title='bbox 804 2426 856 2478; x_wconf 91' lang='lat' dir='ltr'>quo</span> <span class='ocrx_word' id='word_1_241' title='bbox 876 2410 1021 2465; x_wconf 81' lang='lat' dir='ltr'>Alexandri</span> 
     </span>
     <span class='ocr_line' id='line_1_33' title="bbox 112 2477 1020 2550; baseline 0 -17"><span class='ocrx_word' id='word_1_242' title='bbox 112 2497 206 2550; x_wconf 86' lang='lat' dir='ltr'>corpus</span> <span class='ocrx_word' id='word_1_243' title='bbox 227 2478 342 2549; x_wconf 86' lang='lat' dir='ltr'>jacebat,</span> <span class='ocrx_word' id='word_1_244' title='bbox 366 2477 480 2532; x_wconf 86' lang='lat' dir='ltr'>obserari</span> <span class='ocrx_word' id='word_1_245' title='bbox 503 2477 588 2548; x_wconf 86' lang='lat' dir='ltr'>jubet.</span> <span class='ocrx_word' id='word_1_246' title='bbox 626 2477 749 2530; x_wconf 83' lang='lat' dir='ltr'>Sexcenti</span> <span class='ocrx_word' id='word_1_247' title='bbox 772 2495 834 2531; x_wconf 90' lang='lat' dir='ltr'>cum</span> <span class='ocrx_word' id='word_1_248' title='bbox 858 2478 914 2548; x_wconf 85' lang='lat' dir='ltr'>ipso</span> <span class='ocrx_word' id='word_1_249' title='bbox 938 2488 1020 2549; x_wconf 89' lang='lat' dir='ltr'>eraut,</span> 
     </span>
     <span class='ocr_line' id='line_1_34' title="bbox 112 2546 1021 2619; baseline -0.001 -16"><span class='ocrx_word' id='word_1_250' title='bbox 112 2557 248 2619; x_wconf 88' lang='lat' dir='ltr'>spectatae</span> <span class='ocrx_word' id='word_1_251' title='bbox 272 2548 391 2602; x_wconf 86' lang='lat' dir='ltr'>virtutis:</span> <span class='ocrx_word' id='word_1_252' title='bbox 422 2547 591 2601; x_wconf 86' lang='lat' dir='ltr'>Ptolemaeus</span> <span class='ocrx_word' id='word_1_253' title='bbox 618 2563 725 2616; x_wconf 90' lang='lat' dir='ltr'>quoque</span> <span class='ocrx_word' id='word_1_254' title='bbox 755 2563 784 2600; x_wconf 91' lang='lat' dir='ltr'>se</span> <span class='ocrx_word' id='word_1_255' title='bbox 812 2546 968 2617; x_wconf 87' lang='lat' dir='ltr'>adjunxerat</span> <span class='ocrx_word' id='word_1_256' title='bbox 985 2547 1021 2619; x_wconf 91' lang='lat' dir='ltr'>ei,</span> 
     </span>
     <span class='ocr_line' id='line_1_35' title="bbox 111 2616 1021 2689; baseline 0 -17"><span class='ocrx_word' id='word_1_257' title='bbox 111 2634 306 2689; x_wconf 88' lang='lat' dir='ltr'>puerorumque</span> <span class='ocrx_word' id='word_1_258' title='bbox 325 2618 398 2686; x_wconf 87' lang='lat' dir='ltr'>regia</span> <span class='ocrx_word' id='word_1_259' title='bbox 416 2617 516 2670; x_wconf 88' lang='lat' dir='ltr'>cohors.</span> <span class='ocrx_word' id='word_1_260' title='bbox 553 2617 676 2670; x_wconf 88' lang='lat' dir='ltr'>Ceterum</span> <span class='ocrx_word' id='word_1_261' title='bbox 696 2616 767 2669; x_wconf 92' lang='lat' dir='ltr'>haud</span> <span class='ocrx_word' id='word_1_262' title='bbox 786 2616 929 2670; x_wconf 89' lang='lat' dir='ltr'>difficulter</span> <span class='ocrx_word' id='word_1_263' title='bbox 946 2634 964 2671; x_wconf 88' lang='lat' dir='ltr'>a</span> <span class='ocrx_word' id='word_1_264' title='bbox 982 2626 1021 2672; x_wconf 88' lang='lat' dir='ltr'>tot</span> 
     </span>
     <span class='ocr_line' id='line_1_36' title="bbox 111 2686 1020 2758; baseline 0 -16"><span class='ocrx_word' id='word_1_265' title='bbox 111 2688 220 2742; x_wconf 90' lang='lat' dir='ltr'>milibus</span> <span class='ocrx_word' id='word_1_266' title='bbox 237 2696 398 2741; x_wconf 88' lang='lat' dir='ltr'>armatorum</span> <span class='ocrx_word' id='word_1_267' title='bbox 415 2687 530 2739; x_wconf 89' lang='lat' dir='ltr'>claustra</span> <span class='ocrx_word' id='word_1_268' title='bbox 547 2686 678 2757; x_wconf 87' lang='lat' dir='ltr'>perfracta</span> <span class='ocrx_word' id='word_1_269' title='bbox 692 2694 761 2739; x_wconf 89' lang='lat' dir='ltr'>sunt.</span> <span class='ocrx_word' id='word_1_270' title='bbox 797 2687 832 2740; x_wconf 88' lang='lat' dir='ltr'>Et</span> <span class='ocrx_word' id='word_1_271' title='bbox 850 2703 897 2740; x_wconf 83' lang='lat' dir='ltr'>rex</span> <span class='ocrx_word' id='word_1_272' title='bbox 914 2703 1020 2758; x_wconf 89' lang='lat' dir='ltr'>quoque</span> 
     </span>
    </p>
   </div>
   <div class='ocr_carea' id='block_1_3' title="bbox 110 2817 1019 2938">
    <p class='ocr_par' dir='ltr' id='par_1_4' title="bbox 110 2817 1019 2938">
     <span class='ocr_line' id='line_1_37' title="bbox 139 2817 1019 2882; baseline 0.001 -14"><span class='ocrx_word' id='word_1_273' title='bbox 139 2820 206 2868; x_wconf 86' lang='lat' dir='ltr'>¹We</span> <span class='ocrx_word' id='word_1_274' title='bbox 225 2819 275 2868; x_wconf 88' lang='lat' dir='ltr'>lind</span> <span class='ocrx_word' id='word_1_275' title='bbox 294 2819 353 2867; x_wconf 90' lang='lat' dir='ltr'>bctlr</span> <span class='ocrx_word' id='word_1_276' title='bbox 369 2820 496 2881; x_wconf 78' lang='lat' dir='ltr'>irrumpere</span> <span class='ocrx_word' id='word_1_277' title='bbox 511 2820 599 2879; x_wconf 82' lang='lat' dir='ltr'>regiam</span> <span class='ocrx_word' id='word_1_278' title='bbox 614 2817 661 2866; x_wconf 90' lang='lat' dir='ltr'>and</span> <span class='ocrx_word' id='word_1_279' title='bbox 676 2820 806 2880; x_wconf 80' lang='lat' dir='ltr'>irrumpere</span> <span class='ocrx_word' id='word_1_280' title='bbox 820 2820 847 2866; x_wconf 83' lang='lat' dir='ltr'>irs</span> <span class='ocrx_word' id='word_1_281' title='bbox 863 2821 960 2882; x_wconf 79' lang='lat' dir='ltr'>regium,</span> <span class='ocrx_word' id='word_1_282' title='bbox 979 2824 1019 2869; x_wconf 82' lang='lat' dir='ltr'>‘to</span> 
     </span>
     <span class='ocr_line' id='line_1_38' title="bbox 110 2877 408 2938; baseline -0.01 -10"><span class='ocrx_word' id='word_1_283' title='bbox 110 2879 185 2928; x_wconf 85' lang='lat' dir='ltr'>break</span> <span class='ocrx_word' id='word_1_284' title='bbox 196 2879 247 2926; x_wconf 91' lang='lat' dir='ltr'>iuto</span> <span class='ocrx_word' id='word_1_285' title='bbox 257 2878 298 2927; x_wconf 92' lang='lat' dir='ltr'>the</span> <span class='ocrx_word' id='word_1_286' title='bbox 310 2877 408 2938; x_wconf 82' lang='lat' dir='ltr'>palaea’</span> 
     </span>
    </p>
   </div>
   <div class='ocr_carea' id='block_1_4' title="bbox 109 2948 1019 3072">
    <p class='ocr_par' dir='ltr' id='par_1_5' title="bbox 109 2948 1019 3072">
     <span class='ocr_line' id='line_1_39' title="bbox 137 2948 1019 3012; baseline -0.001 -11"><span class='ocrx_word' id='word_1_287' title='bbox 137 2952 212 3001; x_wconf 55' lang='grc' dir='ltr'>ΜΗΘ</span> <span class='ocrx_word' id='word_1_288' title='bbox 224 2950 312 3012; x_wconf 83' lang='lat' dir='ltr'>agreed</span> <span class='ocrx_word' id='word_1_289' title='bbox 322 2950 382 2999; x_wconf 83' lang='lat' dir='ltr'>with</span> <span class='ocrx_word' id='word_1_290' title='bbox 392 2950 434 2999; x_wconf 93' lang='lat' dir='ltr'>the</span> <span class='ocrx_word' id='word_1_291' title='bbox 448 2959 512 2999; x_wconf 87' lang='lat' dir='ltr'>state</span> <span class='ocrx_word' id='word_1_292' title='bbox 528 2950 553 2997; x_wconf 90' lang='lat' dir='ltr'>in</span> <span class='ocrx_word' id='word_1_293' title='bbox 568 2950 655 3010; x_wconf 86' lang='lat' dir='ltr'>regard</span> <span class='ocrx_word' id='word_1_294' title='bbox 669 2957 695 2996; x_wconf 93' lang='lat' dir='ltr'>to</span> <span class='ocrx_word' id='word_1_295' title='bbox 710 2948 752 2997; x_wconf 90' lang='lat' dir='ltr'>the</span> <span class='ocrx_word' id='word_1_296' title='bbox 767 2963 822 2997; x_wconf 87' lang='lat' dir='ltr'>new</span> <span class='ocrx_word' id='word_1_297' title='bbox 833 2949 893 3012; x_wconf 77' lang='lat' dir='ltr'>king</span> <span class='ocrx_word' id='word_1_298' title='bbox 903 2950 960 3000; x_wconf 83' lang='lat' dir='ltr'>who</span> <span class='ocrx_word' id='word_1_299' title='bbox 970 2949 1019 3000; x_wconf 80' lang='lat' dir='ltr'>had</span> 
     </span>
     <span class='ocr_line' id='line_1_40' title="bbox 109 3007 975 3072; baseline -0.006 -10"><span class='ocrx_word' id='word_1_300' title='bbox 109 3014 172 3063; x_wconf 87' lang='lat' dir='ltr'>been</span> <span class='ocrx_word' id='word_1_301' title='bbox 182 3010 239 3072; x_wconf 87' lang='lat' dir='ltr'>only</span> <span class='ocrx_word' id='word_1_302' title='bbox 247 3011 299 3071; x_wconf 91' lang='lat' dir='ltr'>just</span> <span class='ocrx_word' id='word_1_303' title='bbox 310 3009 440 3058; x_wconf 89' lang='lat' dir='ltr'>conceived</span> <span class='ocrx_word' id='word_1_304' title='bbox 451 3009 547 3065; x_wconf 85' lang='lat' dir='ltr'>(bom)‚’</span> <span class='ocrx_word' id='word_1_305' title='bbox 561 3009 581 3056; x_wconf 90' lang='lat' dir='ltr'>is</span> <span class='ocrx_word' id='word_1_306' title='bbox 592 3009 642 3057; x_wconf 87' lang='lat' dir='ltr'>said</span> <span class='ocrx_word' id='word_1_307' title='bbox 655 3007 715 3061; x_wconf 85' lang='lat' dir='ltr'>with</span> <span class='ocrx_word' id='word_1_308' title='bbox 726 3008 794 3069; x_wconf 87' lang='lat' dir='ltr'>irony</span> <span class='ocrx_word' id='word_1_309' title='bbox 804 3024 831 3058; x_wconf 90' lang='lat' dir='ltr'>or</span> <span class='ocrx_word' id='word_1_310' title='bbox 842 3019 975 3069; x_wconf 90' lang='lat' dir='ltr'>contempt.</span> 
     </span>
    </p>
   </div>
   <div class='ocr_carea' id='block_1_5' title="bbox 110 3081 1018 3203">
    <p class='ocr_par' dir='ltr' id='par_1_6' title="bbox 110 3081 1018 3203">
     <span class='ocr_line' id='line_1_41' title="bbox 137 3081 1018 3143; baseline 0.001 -11"><span class='ocrx_word' id='word_1_311' title='bbox 137 3084 251 3132; x_wconf 79' lang='lat' dir='ltr'>&#39;‘Their</span> <span class='ocrx_word' id='word_1_312' title='bbox 269 3082 409 3132; x_wconf 86' lang='lat' dir='ltr'>inclinatiou</span> <span class='ocrx_word' id='word_1_313' title='bbox 426 3082 513 3131; x_wconf 89' lang='lat' dir='ltr'>turned</span> <span class='ocrx_word' id='word_1_314' title='bbox 531 3081 637 3130; x_wconf 89' lang='lat' dir='ltr'>towards</span> <span class='ocrx_word' id='word_1_315' title='bbox 657 3081 698 3130; x_wconf 90' lang='lat' dir='ltr'>the</span> <span class='ocrx_word' id='word_1_316' title='bbox 717 3081 799 3143; x_wconf 83' lang='lat' dir='ltr'>hing&#39;s</span> <span class='ocrx_word' id='word_1_317' title='bbox 817 3083 887 3141; x_wconf 78' lang='lat' dir='ltr'>son3’</span> <span class='ocrx_word' id='word_1_318' title='bbox 911 3081 1018 3134; x_wconf 78' lang='lat' dir='ltr'>towards</span> 
     </span>
     <span class='ocr_line' id='line_1_42' title="bbox 110 3139 1018 3203; baseline -0.002 -10"><span class='ocrx_word' id='word_1_319' title='bbox 110 3144 190 3203; x_wconf 91' lang='lat' dir='ltr'>Philip</span> <span class='ocrx_word' id='word_1_320' title='bbox 199 3139 359 3199; x_wconf 82' lang='lat' dir='ltr'>Arrhidaeus,</span> <span class='ocrx_word' id='word_1_321' title='bbox 370 3143 395 3189; x_wconf 93' lang='lat' dir='ltr'>in</span> <span class='ocrx_word' id='word_1_322' title='bbox 405 3141 541 3202; x_wconf 86' lang='lat' dir='ltr'>opposition</span> <span class='ocrx_word' id='word_1_323' title='bbox 549 3152 574 3189; x_wconf 89' lang='lat' dir='ltr'>tc</span> <span class='ocrx_word' id='word_1_324' title='bbox 583 3140 721 3198; x_wconf 86' lang='lat' dir='ltr'>Perdiccas,</span> <span class='ocrx_word' id='word_1_325' title='bbox 731 3141 787 3189; x_wconf 91' lang='lat' dir='ltr'>who</span> <span class='ocrx_word' id='word_1_326' title='bbox 795 3141 842 3190; x_wconf 91' lang='lat' dir='ltr'>had</span> <span class='ocrx_word' id='word_1_327' title='bbox 853 3143 915 3190; x_wconf 93' lang='lat' dir='ltr'>beeu</span> <span class='ocrx_word' id='word_1_328' title='bbox 923 3141 1018 3191; x_wconf 87' lang='lat' dir='ltr'>elected</span> 
     </span>
    </p>
   </div>
   <div class='ocr_carea' id='block_1_6' title="bbox 108 3213 415 3318">
    <p class='ocr_par' dir='ltr' id='par_1_7' title="bbox 108 3213 415 3318">
     <span class='ocr_line' id='line_1_43' title="bbox 108 3213 415 3318; baseline -0.01 -8"><span class='ocrx_word' id='word_1_329' title='bbox 108 3213 203 3310; x_wconf 49' lang='lat' dir='ltr'>repeseut,</span> <span class='ocrx_word' id='word_1_330' title='bbox 216 3261 296 3310; x_wconf 74' lang='lat' dir='ltr'>Graia.</span> <span class='ocrx_word' id='word_1_331' title='bbox 306 3260 381 3318; x_wconf 56' lang='lat'>§252</span> <span class='ocrx_word' id='word_1_332' title='bbox 395 3263 415 3308; x_wconf 91' lang='lat'>1.</span> 
     </span>
    </p>
   </div>
   <div class='ocr_carea' id='block_1_7' title="bbox 107 3321 1017 3447">
    <p class='ocr_par' dir='ltr' id='par_1_8' title="bbox 107 3321 1017 3447">
     <span class='ocr_line' id='line_1_44' title="bbox 138 3321 1017 3385; baseline -0.007 -10"><span class='ocrx_word' id='word_1_333' title='bbox 138 3326 222 3375; x_wconf 76' lang='lat' dir='ltr'>‘Ther</span> <span class='ocrx_word' id='word_1_334' title='bbox 234 3340 249 3374; x_wconf 91' lang='lat' dir='ltr'>a</span> <span class='ocrx_word' id='word_1_335' title='bbox 259 3325 407 3374; x_wconf 86' lang='lat' dir='ltr'>descendant</span> <span class='ocrx_word' id='word_1_336' title='bbox 414 3324 443 3373; x_wconf 84' lang='lat' dir='ltr'>of</span> <span class='ocrx_word' id='word_1_337' title='bbox 453 3323 496 3373; x_wconf 89' lang='lat' dir='ltr'>the</span> <span class='ocrx_word' id='word_1_338' title='bbox 512 3323 594 3385; x_wconf 80' lang='lat' dir='ltr'>hing’s</span> <span class='ocrx_word' id='word_1_339' title='bbox 604 3323 685 3373; x_wconf 81' lang='lat' dir='ltr'>would</span> <span class='ocrx_word' id='word_1_340' title='bbox 699 3324 815 3372; x_wconf 86' lang='lat' dir='ltr'>maintaiu</span> <span class='ocrx_word' id='word_1_341' title='bbox 825 3322 867 3372; x_wconf 84' lang='lat' dir='ltr'>the</span> <span class='ocrx_word' id='word_1_342' title='bbox 878 3321 1017 3380; x_wconf 58' lang='lat' dir='ltr'>hereditare</span> 
     </span>
     <span class='ocr_line' id='line_1_45' title="bbox 107 3382 855 3447; baseline -0.009 -12"><span class='ocrx_word' id='word_1_343' title='bbox 107 3394 276 3447; x_wconf 67' lang='lat' dir='ltr'>peremerant,</span> <span class='ocrx_word' id='word_1_344' title='bbox 288 3399 316 3434; x_wconf 92' lang='lat' dir='ltr'>or</span> <span class='ocrx_word' id='word_1_345' title='bbox 326 3383 368 3434; x_wconf 84' lang='lat' dir='ltr'>the</span> <span class='ocrx_word' id='word_1_346' title='bbox 383 3383 520 3446; x_wconf 75' lang='lat' dir='ltr'>hereditary</span> <span class='ocrx_word' id='word_1_347' title='bbox 530 3382 597 3447; x_wconf 72' lang='lat' dir='ltr'>right</span> <span class='ocrx_word' id='word_1_348' title='bbox 605 3392 635 3434; x_wconf 83' lang='lat' dir='ltr'>to</span> <span class='ocrx_word' id='word_1_349' title='bbox 641 3383 689 3433; x_wconf 83' lang='lat' dir='ltr'>the</span> <span class='ocrx_word' id='word_1_350' title='bbox 697 3382 855 3433; x_wconf 68' lang='lat' dir='ltr'>saccasaxaa.</span> 
     </span>
    </p>
   </div>
   <div class='ocr_carea' id='block_1_8' title="bbox 0 0 1142 3772">
    <p class='ocr_par' dir='ltr' id='par_1_9' title="bbox 0 0 1142 3772">
     <span class='ocr_line' id='line_1_46' title="bbox 0 0 1142 3772; baseline 0 1"><span class='ocrx_word' id='word_1_351' title='bbox 0 0 1142 3772; x_wconf 95' lang='lat' dir='ltr'> </span> 
     </span>
    </p>
   </div>
  </div>
 </body>
</html>
