2274 3772
108 82 145 138 94
373 97 412 137 arr
435 96 541 136 orrsrrs
563 94 746 135 saaxsrrusu.

108 223 185 260 curru
197 206 285 274 vehor,
298 221 349 259 nec
369 220 469 268 recuso,
482 221 533 273 quo
555 204 643 256 minus
661 203 801 257 imitemini
821 218 876 271 ms,
890 202 949 254 sive
970 201 1019 254 for·

109 275 229 329 titudinis
240 273 401 345 exemplum,
415 274 471 326 sive
483 274 603 342 ignaviae
616 273 697 326 fuero.

144 349 185 396 56.
204 344 312 398 interim
331 342 489 412 Alexander,
510 351 538 395 ut
560 351 586 394 et
606 343 815 394 demonstratum
839 356 856 392 a
880 339 1020 408 transfuga

109 414 262 467 insidiarum
283 412 372 466 locum
392 412 549 482 circumiret,
566 422 592 464 et
613 411 704 480 Dareo,
719 410 762 479 qui
781 425 862 465 cornu
883 408 1018 477 tuebatur,

109 493 263 552 occurreret,
276 499 374 550 agmen
385 481 437 535 obli
458 498 522 534 uum
535 481 658 532 incedere
676 479 760 549 jubet.
796 479 901 531 Dareus
912 494 1020 548 quoque

110 550 205 604 eodem
216 568 294 605 suum
305 551 425 620 obvertit,
439 498 520 603 hesso
532 549 672 618 admonito,
687 558 715 601 ut
730 548 901 615 Massagetas
913 549 1021 618 equites

109 622 135 673 in
159 621 274 675 laevum¹
295 620 438 673 Alexandri
456 635 535 671 cornu
554 635 570 670 a
588 618 670 670 latere
694 617 783 670 invehi
804 616 920 687 juberet.
959 617 1021 687 lpse

110 699 219 742 antese
237 690 348 742 falcatos
370 705 462 742 ourrus
485 687 608 756 habebat,
627 704 692 756 quos
710 687 782 754 signo
799 688 860 738 dato
880 687 1021 739 universos

111 760 137 811 in
161 759 264 812 hostem
288 758 390 811 effudit.
425 757 547 811 Ruebant
572 756 667 810 laxatis
690 755 801 808 habenis
826 756 883 807 auri
922 773 946 824 e,
966 771 1021 825 quo

110 827 199 948 plures
215 827 331 881 nondum
344 828 408 880 satis
420 827 522 897 proviso
542 826 645 894 impetu
666 825 821 878 obtererent.
858 826 936 877 Aios
957 840 1021 895 ergo

68 933 71 937 -
130 906 203 949 astae
223 898 336 951 maltum
357 897 424 950 ultra
442 905 577 948 temonem
597 896 753 962 eminentes,
766 894 831 947 alios
849 893 886 946 ab
906 904 1021 964 utruque

111 966 191 1018 latere
204 966 329 1020 dimissae
346 966 428 1018 falces
448 965 606 1018 laceravere.
642 966 700 1017 Nec
720 964 820 1016 sensim
840 963 1022 1017 Macedones'

111 1035 257 1105 cedebant,
281 1035 329 1088 sed
349 1035 435 1088 effusa
458 1034 520 1103 luga
543 1034 711 1086 turbaverant
733 1032 847 1085 ordines.
885 1033 1022 1087 Mazaeus

111 1121 215 1174 quoque
253 1105 362 1158 erculsis
382 1112 483 1157 metum
505 1104 622 1171 incussit,
644 1102 717 1154 mille
740 1100 872 1171 equitibus
897 1104 932 1155 ad
957 1104 1021 1170 diri·

112 1174 208 1242 pienda
230 1123 312 1229 hostis
335 1174 525 1243 impedimenta
548 1172 712 1225 circumvehi
738 1171 825 1241 jussis,
851 1180 933 1240 ratus,
957 1189 1022 1243 cap·

111 1244 177 1296 tivos
205 1261 318 1314 quoque,
342 1244 387 1314 qui
417 1242 496 1295 simul
524 1242 725 1295 asservabantur
757 1250 877 1310 rupturos
903 1243 1020 1313 vincula,

112 1330 172 1365 cum
197 1331 258 1367 suos
281 1312 529 1433 appropinpuantes³
547 1311 684 1363 vidissent.
747 1327 779 1362 on
802 1309 938 1364 fefellerat
959 1312 1023 1365 Par·

113 1383 283 1450 menionem,⁴
302 1383 347 1452 qui
367 1383 393 1434 in
422 1398 488 1433 aevo
507 1390 577 1432 erat:
597 1397 705 1449 propere
725 1379 805 1448 igitur
824 1380 1023 1449 Polydamanta

112 1451 191 1503 mittit
205 1451 249 1523 [ad
262 1451 371 1522 regem],
385 1451 430 1519 qui
450 1460 475 1502 et
494 1448 641 1519 periculum
661 1449 817 1519 ostenderet,
831 1457 858 1501 et
876 1451 944 1518 quid
964 1451 1023 1504 lieri

111 1519 214 1589 juberet
233 1520 389 1572 consuleret.
426 1519 481 1586 Ille,
501 1520 590 1571 audito
615 1518 813 1588 Polydamante,
833 1519 896 1588 Abi,
918 1522 1022 1588 nuntia,

114 1590 203 1656 inquit,
223 1589 399 1656 Parmenioni,
412 1589 433 1639 si
451 1589 508 1640 acie
527 1588 674 1656 vicerimus,
692 1604 742 1639 non
761 1597 848 1639 nostra
866 1588 955 1642 solum
975 1606 1024 1643 nos

115 1667 319 1728 recuperaturos,
344 1658 391 1710 sed
415 1658 494 1710 etiarn
520 1674 589 1726 quae
614 1657 726 1709 hostium
751 1664 810 1708 sunt
833 1669 1023 1728 occupaturos.

117 1727 224 1780 Proinde
242 1745 292 1780 non
317 1736 357 1781 est
393 1727 444 1779 uod
462 1727 557 1779 virium
581 1728 724 1796 quicquam
748 1725 878 1778 subducat
896 1745 934 1780 ex
951 1729 1022 1797 acie,

114 1797 168 1864 sed,
183 1808 210 1849 ut
222 1815 274 1866 me,
289 1806 317 1850 ut
335 1745 455 1867 Philippo
467 1806 541 1866 patre
553 1796 661 1863 dignum
681 1806 728 1864 est,
742 1805 893 1865 contempto
907 1800 1023 1851 sarcina·

115 1883 170 1918 rurn
190 1868 287 1920 damno
304 1866 403 1919 fortiter
418 1866 536 1919 dimicet.
572 1865 679 1917 luterim
701 1864 802 1917 barbari
827 1866 1023 1934 impedimenta

114 1936 288 2005 turbaverant,
307 1937 445 2005 caesisque
463 1935 596 2005 plerisque
615 1936 762 2002 custodum,
781 1934 886 2004 captivi,
906 1936 1024 1990 vinculis

114 2006 202 2074 ruptis,
224 2005 349 2074 quicquid
368 2008 456 2058 ovium
481 2017 544 2069 erat,
566 2020 617 2072 quo
640 2005 734 2055 armari
755 2013 870 2073 possent,
891 2006 1023 2075 arripiunt

114 2082 140 2124 et
158 2075 292 2141 aggregati
310 2091 417 2126 snorum
436 2073 571 2143 equitibus
589 2074 759 2139 Macedonas,
779 2074 887 2143 ancipiti
905 2076 1022 2129 circam·

114 2151 206 2193 ventos
218 2143 294 2211 malo,
308 2143 450 2195 invadunt:
471 2142 586 2210 laetique
604 2144 648 2210 qui
662 2142 732 2194 circa
744 2142 924 2212 Sisygambim
937 2155 1022 2215 eraut,

115 2211 209 2262 vicisse
222 2212 346 2280 Dareum,
360 2211 458 2279 ingenti
471 2213 555 2262 caede
572 2221 713 2280 prostratos
730 2210 826 2280 hostes,
840 2212 875 2264 ad
894 2213 1022 2268 ultimum

114 2281 193 2332 etiam
215 2281 413 2351 impedimentis
433 2290 526 2334 exutos
546 2298 613 2350 esse,
634 2284 763 2350 nuntiant,
783 2283 886 2351 quippe¹
904 2286 1022 2337 eandem

113 2351 243 2404 fortunam
255 2352 353 2421 ubique
370 2368 429 2404 esse
442 2350 592 2418 credebant,
607 2360 633 2403 et
647 2353 757 2403 victores
776 2351 871 2403 Persas
889 2351 924 2404 ad
946 2370 1022 2423 prae-

113 2419 174 2473 dam
195 2422 355 2474 discurrisse.
392 2420 563 2490 Sisygambis,
584 2419 748 2473 hortantibus
770 2420 890 2490 captivis,
909 2434 940 2475 ut
965 2424 1021 2477 arti·

113 2507 187 2542 nrum
205 2508 222 2542 a
233 2508 351 2544 maerore
371 2492 505 2560 allevaret,
519 2491 545 2542 in
564 2490 668 2557 eodem,
681 2492 744 2557 quo⁵
755 2499 832 2541 antea
851 2489 909 2558 luit,
971 2509 1021 2545 rse-

114 2561 223 2611 veravit.
260 2562 319 2614 Non
339 2578 390 2615 vox
412 2561 467 2614 ulla
490 2559 587 2612 excidit
608 2559 642 2627 ei,
663 2575 713 2610 non
733 2559 786 2611 oris
804 2558 874 2610 color
895 2577 929 2612 vu
943 2571 1022 2614 tuave

141 2716 147 2737 ¹
157 2710 284 2758 incorrect.
315 2710 338 2758 It
349 2719 414 2758 must
425 2711 455 2756 be
467 2710 492 2754 in
503 2711 618 2761 dostram,
632 2707 666 2754 lor
676 2707 752 2766 (chap.
763 2710 801 2760 45)
813 2706 906 2755 Bessus
918 2709 967 2757 and
981 2709 1022 2759 the

112 2769 265 2828 Massagetae
272 2784 336 2817 were
347 2784 379 2816 on
389 2768 430 2816 the
442 2766 483 2814 lelt
494 2766 557 2827 wing
566 2766 594 2814 of
601 2767 641 2813 the
654 2766 776 2821 Pamisus,
788 2766 833 2814 and
841 2768 1023 2830 consequently

111 2826 218 2887 opposed
229 2837 254 2875 to
264 2827 428 2875 Alexander's
439 2825 510 2885 right.
1009 2838 1012 2843 ·

140 2892 224 2941 ²Thar
233 2892 253 2940 is
264 2891 305 2939 the
316 2893 471 2951 antesignani
485 2889 514 2938 of
526 2890 566 2938 the
583 2890 765 2944 Macedonicus,
778 2890 814 2937 sor
830 2890 870 2937 the
882 2893 1024 2945 successful

112 2953 243 3002 resistanca
253 2950 281 2998 ol
288 2950 329 2998 the
340 2949 490 3009 phalangitas
502 2950 523 2997 is
535 2949 672 2997 mentioned
684 2966 698 2997 a
709 2949 770 2996 little
782 2949 849 2996 alter.

140 3031 149 3055 ¹
160 3025 208 3073 For
217 3023 259 3070 tha
270 3021 399 3071 difference
409 3022 520 3068 between
529 3024 594 3069 uideo
602 3031 624 3069 te
633 3024 856 3082 appropinquantem
866 3022 993 3075 tindarides
1002 3036 1027 3076 u

112 3085 304 3148 appropinquare,
317 3095 358 3128 sea
371 3080 468 3139 Zumpt,
482 3081 556 3131 luas.

141 3156 149 3178 ⁴
163 3156 168 3175 ‘
180 3149 202 3196 It
213 3146 260 3195 had
271 3154 312 3194 not
323 3144 427 3203 escaped
438 3145 478 3192 the
495 3147 573 3194 notice
589 3147 617 3194 ol
630 3147 775 3196 Parmenio'
808 3147 904 3196 Fallere
914 3149 961 3199 has
973 3160 1027 3201 tvo

113 3206 294 3270 significations,
309 3209 349 3251 ‘to
358 3203 476 3272 deceive,'
489 3206 535 3254 and
548 3212 588 3254 ‘to
603 3222 689 3266 escape
706 3208 785 3256 notice
793 3207 809 3263 ς’
820 3207 869 3256 aud
883 3207 911 3256 iu
926 3209 991 3261 both
1004 3210 1027 3267 it

113 3282 216 3329 governs
224 3264 265 3313 the
276 3274 420 3312 accusative.

144 3332 197 3381 'Or
208 3332 234 3379 ia
244 3344 296 3391 qao.
328 3327 375 3376 See
387 3327 484 3388 Zumpt,
496 3328 510 3381 l
520 3333 571 3379 778.
