<?xml version="1.0" encoding="UTF-8"?>
<!DOCTYPE html PUBLIC "-//W3C//DTD XHTML 1.0 Transitional//EN"
    "http://www.w3.org/TR/xhtml1/DTD/xhtml1-transitional.dtd">
<html xmlns="http://www.w3.org/1999/xhtml" xml:lang="en" lang="en">
 <head>
  <title>
</title>
<meta http-equiv="Content-Type" content="text/html;charset=utf-8" />
  <meta name='ocr-system' content='tesseract 3.04.00' />
  <meta name='ocr-capabilities' content='ocr_page ocr_carea ocr_par ocr_line ocrx_word'/>
</head>
<body>
  <div class='ocr_page' id='page_1' title='image "./degestisalexand00rufugoog_0139.png"; bbox 0 0 2274 3772; ppageno 0'>
   <div class='ocr_carea' id='block_1_1' title="bbox 163 80 796 141">
    <p class='ocr_par' dir='ltr' id='par_1_1' title="bbox 163 80 796 141">
     <span class='ocr_line' id='line_1_1' title="bbox 163 80 796 141; baseline -0.006 0"><span class='ocrx_word' id='word_1_1' title='bbox 163 80 220 141; x_wconf 73' lang='lat'><strong>126</strong></span> <span class='ocrx_word' id='word_1_2' title='bbox 426 98 466 139; x_wconf 80' lang='lat' dir='ltr'><strong>us</strong></span> <span class='ocrx_word' id='word_1_3' title='bbox 489 98 593 139; x_wconf 78' lang='lat' dir='ltr'><strong>ousiis</strong></span> <span class='ocrx_word' id='word_1_4' title='bbox 613 97 796 139; x_wconf 69' lang='lat' dir='ltr'><strong>mansuum.</strong></span> 
     </span>
    </p>
   </div>
   <div class='ocr_carea' id='block_1_2' title="bbox 104 205 1069 2214">
    <p class='ocr_par' dir='ltr' id='par_1_2' title="bbox 104 205 1069 2214">
     <span class='ocr_line' id='line_1_2' title="bbox 161 205 1069 278; baseline -0.001 -15"><span class='ocrx_word' id='word_1_5' title='bbox 161 209 231 263; x_wconf 79' lang='lat' dir='ltr'><strong>fecto</strong></span> <span class='ocrx_word' id='word_1_6' title='bbox 254 208 357 278; x_wconf 90' lang='lat' dir='ltr'><strong>cepisse</strong></span> <span class='ocrx_word' id='word_1_7' title='bbox 374 208 489 261; x_wconf 87' lang='lat' dir='ltr'><strong>Dareum</strong></span> <span class='ocrx_word' id='word_1_8' title='bbox 506 206 677 277; x_wconf 77' lang='lat' dir='ltr'><strong>aestimaturi,</strong></span> <span class='ocrx_word' id='word_1_9' title='bbox 696 207 736 260; x_wconf 92' lang='lat' dir='ltr'><strong>sin</strong></span> <span class='ocrx_word' id='word_1_10' title='bbox 752 215 844 261; x_wconf 87' lang='lat' dir='ltr'><strong>autem</strong></span> <span class='ocrx_word' id='word_1_11' title='bbox 861 222 924 261; x_wconf 88' lang='lat' dir='ltr'><strong>eum</strong></span> <span class='ocrx_word' id='word_1_12' title='bbox 942 205 1069 277; x_wconf 77' lang='lat' dir='ltr'><strong>effugere</strong></span> 
     </span>
     <span class='ocr_line' id='line_1_3' title="bbox 196 274 1069 347; baseline 0 -16"><span class='ocrx_word' id='word_1_13' title='bbox 196 277 315 346; x_wconf 89' lang='lat' dir='ltr'><strong>tuissent,</strong></span> <span class='ocrx_word' id='word_1_14' title='bbox 340 276 478 330; x_wconf 84' lang='lat' dir='ltr'><strong>interfecto</strong></span> <span class='ocrx_word' id='word_1_15' title='bbox 500 277 592 347; x_wconf 82' lang='lat' dir='ltr'>Dareo,</span> <span class='ocrx_word' id='word_1_16' title='bbox 611 293 722 344; x_wconf 88' lang='lat' dir='ltr'><strong>regnum</strong></span> <span class='ocrx_word' id='word_1_17' title='bbox 744 276 795 346; x_wconf 94' lang='lat' dir='ltr'><strong>ipsi</strong></span> <span class='ocrx_word' id='word_1_18' title='bbox 818 285 987 347; x_wconf 75' lang='lat' dir='ltr'><strong>occuparent,</strong></span> <span class='ocrx_word' id='word_1_19' title='bbox 1011 274 1069 331; x_wconf 90' lang='lat' dir='ltr'><strong>bel·</strong></span> 
     </span>
     <span class='ocr_line' id='line_1_4' title="bbox 171 345 1067 417; baseline -0.001 -17"><span class='ocrx_word' id='word_1_20' title='bbox 171 363 270 416; x_wconf 90' lang='lat' dir='ltr'><strong>nmque</strong></span> <span class='ocrx_word' id='word_1_21' title='bbox 287 354 449 400; x_wconf 85' lang='lat' dir='ltr'><strong>renovarent.</strong></span> <span class='ocrx_word' id='word_1_22' title='bbox 484 346 542 398; x_wconf 92' lang='lat' dir='ltr'><strong>Hoc</strong></span> <span class='ocrx_word' id='word_1_23' title='bbox 565 346 732 417; x_wconf 87' lang='lat' dir='ltr'><strong>parricidium</strong></span> <span class='ocrx_word' id='word_1_24' title='bbox 749 362 811 399; x_wconf 90' lang='lat' dir='ltr'><strong>cum</strong></span> <span class='ocrx_word' id='word_1_25' title='bbox 828 345 873 398; x_wconf 92' lang='lat' dir='ltr'><strong>diu</strong></span> <span class='ocrx_word' id='word_1_26' title='bbox 891 345 1067 414; x_wconf 85' lang='lat' dir='ltr'><strong>volutassent,</strong></span> 
     </span>
     <span class='ocr_line' id='line_1_5' title="bbox 161 414 1068 486; baseline 0 -17"><span class='ocrx_word' id='word_1_27' title='bbox 161 415 332 470; x_wconf 78' lang='lat' dir='ltr'>Nabarzanes</span> <span class='ocrx_word' id='word_1_28' title='bbox 348 415 449 468; x_wconf 89' lang='lat' dir='ltr'><strong>aditum</strong></span> <span class='ocrx_word' id='word_1_29' title='bbox 467 415 585 468; x_wconf 80' lang='lat' dir='ltr'><strong>nefariae</strong></span> <span class='ocrx_word' id='word_1_30' title='bbox 608 415 665 484; x_wconf 89' lang='lat' dir='ltr'><strong>spei</strong></span> <span class='ocrx_word' id='word_1_31' title='bbox 685 431 850 486; x_wconf 88' lang='lat' dir='ltr'><strong>praeparans,</strong></span> <span class='ocrx_word' id='word_1_32' title='bbox 868 414 926 468; x_wconf 87' lang='lat' dir='ltr'><strong>Soio</strong></span> <span class='ocrx_word' id='word_1_33' title='bbox 951 432 1005 486; x_wconf 90' lang='lat' dir='ltr'><strong>me,</strong></span> <span class='ocrx_word' id='word_1_34' title='bbox 1026 416 1068 469; x_wconf 87' lang='lat' dir='ltr'><strong>in·</strong></span> 
     </span>
     <span class='ocr_line' id='line_1_6' title="bbox 161 483 1068 555; baseline 0.001 -17"><span class='ocrx_word' id='word_1_35' title='bbox 161 486 217 555; x_wconf 92' lang='lat' dir='ltr'><strong>quit</strong></span> <span class='ocrx_word' id='word_1_36' title='bbox 239 486 396 538; x_wconf 88' lang='lat' dir='ltr'><strong>sententiam</strong></span> <span class='ocrx_word' id='word_1_37' title='bbox 413 502 474 538; x_wconf 90' lang='lat' dir='ltr'><strong>esse</strong></span> <span class='ocrx_word' id='word_1_38' title='bbox 492 484 632 552; x_wconf 89' lang='lat' dir='ltr'><strong>dictumm,</strong></span> <span class='ocrx_word' id='word_1_39' title='bbox 645 485 730 554; x_wconf 89' lang='lat' dir='ltr'><strong>prima</strong></span> <span class='ocrx_word' id='word_1_40' title='bbox 747 485 837 554; x_wconf 90' lang='lat' dir='ltr'><strong>specie</strong></span> <span class='ocrx_word' id='word_1_41' title='bbox 855 483 1068 555; x_wconf 79' lang='lat' dir='ltr'><strong>haudquaquam</strong></span> 
     </span>
     <span class='ocr_line' id='line_1_7' title="bbox 104 525 1069 624; baseline 0.001 -17"><span class='ocrx_word' id='word_1_42' title='bbox 104 616 105 621; x_wconf 9' lang='grc' dir='ltr'>η</span> <span class='ocrx_word' id='word_1_43' title='bbox 161 525 270 608; x_wconf 89' lang='lat' dir='ltr'><strong>auribus</strong></span> <span class='ocrx_word' id='word_1_44' title='bbox 287 555 338 607; x_wconf 90' lang='lat' dir='ltr'><strong>tuis</strong></span> <span class='ocrx_word' id='word_1_45' title='bbox 353 564 463 622; x_wconf 84' lang='lat' dir='ltr'><strong>gratam.</strong></span> <span class='ocrx_word' id='word_1_46' title='bbox 500 553 551 607; x_wconf 83' lang='lat' dir='ltr'><strong>Sed</strong></span> <span class='ocrx_word' id='word_1_47' title='bbox 569 553 668 606; x_wconf 85' lang='lat' dir='ltr'><strong>medici</strong></span> <span class='ocrx_word' id='word_1_48' title='bbox 684 570 789 624; x_wconf 90' lang='lat' dir='ltr'><strong>quoque</strong></span> <span class='ocrx_word' id='word_1_49' title='bbox 807 554 940 622; x_wconf 88' lang='lat' dir='ltr'><strong>graviores</strong></span> <span class='ocrx_word' id='word_1_50' title='bbox 957 554 1069 608; x_wconf 90' lang='lat' dir='ltr'><strong>morbos</strong></span> 
     </span>
     <span class='ocr_line' id='line_1_8' title="bbox 160 623 1065 695; baseline 0.001 -20"><span class='ocrx_word' id='word_1_51' title='bbox 160 624 261 692; x_wconf 88' lang='lat' dir='ltr'><strong>asperis</strong></span> <span class='ocrx_word' id='word_1_52' title='bbox 279 624 404 675; x_wconf 80' lang='lat' dir='ltr'>remediis</span> <span class='ocrx_word' id='word_1_53' title='bbox 415 631 513 692; x_wconf 89' lang='lat' dir='ltr'><strong>curant,</strong></span> <span class='ocrx_word' id='word_1_54' title='bbox 526 632 552 675; x_wconf 89' lang='lat' dir='ltr'><strong>et</strong></span> <span class='ocrx_word' id='word_1_55' title='bbox 564 623 727 693; x_wconf 86' lang='lat' dir='ltr'><strong>gubernator,</strong></span> <span class='ocrx_word' id='word_1_56' title='bbox 741 623 787 676; x_wconf 91' lang='lat' dir='ltr'><strong>ubi</strong></span> <span class='ocrx_word' id='word_1_57' title='bbox 799 623 964 693; x_wconf 85' lang='lat' dir='ltr'><strong>naufragium</strong></span> <span class='ocrx_word' id='word_1_58' title='bbox 976 623 1065 695; x_wconf 88' lang='lat' dir='ltr'><strong>timet,</strong></span> 
     </span>
     <span class='ocr_line' id='line_1_9' title="bbox 159 691 1067 762; baseline 0.004 -17"><span class='ocrx_word' id='word_1_59' title='bbox 159 691 270 762; x_wconf 88' lang='lat' dir='ltr'><strong>jactura¹</strong></span> <span class='ocrx_word' id='word_1_60' title='bbox 282 691 408 762; x_wconf 90' lang='lat' dir='ltr'><strong>quicquid</strong></span> <span class='ocrx_word' id='word_1_61' title='bbox 421 693 517 744; x_wconf 87' lang='lat' dir='ltr'><strong>serrari</strong></span> <span class='ocrx_word' id='word_1_62' title='bbox 529 701 614 762; x_wconf 90' lang='lat' dir='ltr'><strong>potest</strong></span> <span class='ocrx_word' id='word_1_63' title='bbox 626 692 739 745; x_wconf 87' lang='lat' dir='ltr'><strong>redimit.</strong></span> <span class='ocrx_word' id='word_1_64' title='bbox 775 694 831 760; x_wconf 87' lang='lat' dir='ltr'><strong>Ego</strong></span> <span class='ocrx_word' id='word_1_65' title='bbox 850 702 949 761; x_wconf 87' lang='lat' dir='ltr'><strong>tamen,</strong></span> <span class='ocrx_word' id='word_1_66' title='bbox 961 709 1016 746; x_wconf 91' lang='lat' dir='ltr'><strong>non</strong></span> <span class='ocrx_word' id='word_1_67' title='bbox 1034 701 1067 749; x_wconf 81' lang='lat' dir='ltr'><strong>ut</strong></span> 
     </span>
     <span class='ocr_line' id='line_1_10' title="bbox 161 760 1066 831; baseline 0.003 -17"><span class='ocrx_word' id='word_1_68' title='bbox 161 762 288 814; x_wconf 90' lang='lat' dir='ltr'><strong>damnum</strong></span> <span class='ocrx_word' id='word_1_69' title='bbox 306 762 415 830; x_wconf 90' lang='lat' dir='ltr'><strong>quidem</strong></span> <span class='ocrx_word' id='word_1_70' title='bbox 433 761 534 831; x_wconf 55' lang='lat' dir='ltr'><strong>iacias?</strong></span> <span class='ocrx_word' id='word_1_71' title='bbox 545 760 651 831; x_wconf 81' lang='lat' dir='ltr'><strong>suadeo,</strong></span> <span class='ocrx_word' id='word_1_72' title='bbox 665 761 712 815; x_wconf 89' lang='lat' dir='ltr'><strong>sed</strong></span> <span class='ocrx_word' id='word_1_73' title='bbox 731 771 758 814; x_wconf 91' lang='lat' dir='ltr'><strong>ut</strong></span> <span class='ocrx_word' id='word_1_74' title='bbox 776 768 803 814; x_wconf 91' lang='lat' dir='ltr'><strong>te</strong></span> <span class='ocrx_word' id='word_1_75' title='bbox 820 777 852 813; x_wconf 91' lang='lat' dir='ltr'><strong>ac</strong></span> <span class='ocrx_word' id='word_1_76' title='bbox 863 778 974 829; x_wconf 86' lang='lat' dir='ltr'><strong>regnum</strong></span> <span class='ocrx_word' id='word_1_77' title='bbox 986 770 1066 817; x_wconf 89' lang='lat' dir='ltr'><strong>tuum</strong></span> 
     </span>
     <span class='ocr_line' id='line_1_11' title="bbox 161 830 1066 901; baseline 0.002 -19"><span class='ocrx_word' id='word_1_78' title='bbox 161 830 258 884; x_wconf 79' lang='lat' dir='ltr'><strong>salubri</strong></span> <span class='ocrx_word' id='word_1_79' title='bbox 276 833 375 884; x_wconf 88' lang='lat' dir='ltr'><strong>ratione</strong></span> <span class='ocrx_word' id='word_1_80' title='bbox 394 847 541 884; x_wconf 88' lang='lat' dir='ltr'><strong>conserves.</strong></span> <span class='ocrx_word' id='word_1_81' title='bbox 577 830 634 883; x_wconf 91' lang='lat' dir='ltr'><strong>Diis</strong></span> <span class='ocrx_word' id='word_1_82' title='bbox 650 830 769 883; x_wconf 85' lang='lat' dir='ltr'><strong>adversis</strong></span> <span class='ocrx_word' id='word_1_83' title='bbox 786 830 887 884; x_wconf 89' lang='lat' dir='ltr'><strong>bellum</strong></span> <span class='ocrx_word' id='word_1_84' title='bbox 905 830 1014 901; x_wconf 91' lang='lat' dir='ltr'><strong>initnus,</strong></span> <span class='ocrx_word' id='word_1_85' title='bbox 1036 837 1066 884; x_wconf 86' lang='lat' dir='ltr'><strong>et</strong></span> 
     </span>
     <span class='ocr_line' id='line_1_12' title="bbox 118 894 1065 970; baseline 0.004 -19"><span class='ocrx_word' id='word_1_86' title='bbox 118 894 124 910; x_wconf 81' lang='grc'><strong>“</strong></span> <span class='ocrx_word' id='word_1_87' title='bbox 161 901 281 970; x_wconf 86' lang='lat' dir='ltr'><strong>pertinax</strong></span> <span class='ocrx_word' id='word_1_88' title='bbox 299 898 401 953; x_wconf 87' lang='lat' dir='ltr'><strong>fortuna</strong></span> <span class='ocrx_word' id='word_1_89' title='bbox 418 899 513 952; x_wconf 89' lang='lat' dir='ltr'><strong>Persas</strong></span> <span class='ocrx_word' id='word_1_90' title='bbox 539 917 630 968; x_wconf 87' lang='lat' dir='ltr'><strong>urgere</strong></span> <span class='ocrx_word' id='word_1_91' title='bbox 657 915 708 953; x_wconf 92' lang='lat' dir='ltr'><strong>non</strong></span> <span class='ocrx_word' id='word_1_92' title='bbox 732 899 835 953; x_wconf 87' lang='lat' dir='ltr'><strong>desinit.</strong></span> <span class='ocrx_word' id='word_1_93' title='bbox 871 900 955 953; x_wconf 83' lang='lat' dir='ltr'><strong>Novis</strong></span> <span class='ocrx_word' id='word_1_94' title='bbox 980 900 1065 955; x_wconf 81' lang='lat' dir='ltr'><strong>initiis</strong></span> 
     </span>
     <span class='ocr_line' id='line_1_13' title="bbox 161 968 1065 1038; baseline 0.002 -17"><span class='ocrx_word' id='word_1_95' title='bbox 161 978 188 1021; x_wconf 91' lang='lat' dir='ltr'><strong>et</strong></span> <span class='ocrx_word' id='word_1_96' title='bbox 200 969 331 1022; x_wconf 90' lang='lat' dir='ltr'><strong>ominibus</strong></span> <span class='ocrx_word' id='word_1_97' title='bbox 342 986 407 1038; x_wconf 87' lang='lat' dir='ltr'><strong>opus</strong></span> <span class='ocrx_word' id='word_1_98' title='bbox 419 970 479 1022; x_wconf 61' lang='lat' dir='ltr'><strong>est?</strong></span> <span class='ocrx_word' id='word_1_99' title='bbox 512 969 679 1038; x_wconf 82' lang='lat' dir='ltr'><strong>Auspieium⁴</strong></span> <span class='ocrx_word' id='word_1_100' title='bbox 690 978 717 1021; x_wconf 92' lang='lat' dir='ltr'><strong>et</strong></span> <span class='ocrx_word' id='word_1_101' title='bbox 734 969 876 1038; x_wconf 89' lang='lat' dir='ltr'><strong>imperium</strong></span> <span class='ocrx_word' id='word_1_102' title='bbox 892 968 1000 1022; x_wconf 88' lang='lat' dir='ltr'><strong>interim</strong></span> <span class='ocrx_word' id='word_1_103' title='bbox 1017 969 1065 1023; x_wconf 90' lang='lat' dir='ltr'><strong>alii</strong></span> 
     </span>
     <span class='ocr_line' id='line_1_14' title="bbox 161 1037 1064 1160; baseline 0.002 -70"><span class='ocrx_word' id='word_1_104' title='bbox 161 1038 242 1106; x_wconf 90' lang='lat' dir='ltr'><strong>trade,</strong></span> <span class='ocrx_word' id='word_1_105' title='bbox 261 1037 308 1160; x_wconf 59' lang='lat' dir='ltr'><strong>&lt;poi</strong></span> <span class='ocrx_word' id='word_1_106' title='bbox 326 1039 427 1091; x_wconf 87' lang='lat' dir='ltr'><strong>tamdiu</strong></span> <span class='ocrx_word' id='word_1_107' title='bbox 444 1056 491 1091; x_wconf 86' lang='lat' dir='ltr'><strong>rex</strong></span> <span class='ocrx_word' id='word_1_108' title='bbox 508 1038 661 1107; x_wconf 89' lang='lat' dir='ltr'><strong>appelletur,</strong></span> <span class='ocrx_word' id='word_1_109' title='bbox 675 1039 760 1091; x_wconf 91' lang='lat' dir='ltr'><strong>donec</strong></span> <span class='ocrx_word' id='word_1_110' title='bbox 770 1038 835 1092; x_wconf 89' lang='lat' dir='ltr'><strong>Asia</strong></span> <span class='ocrx_word' id='word_1_111' title='bbox 846 1037 959 1091; x_wconf 79' lang='lat' dir='ltr'><strong>decedat</strong></span> <span class='ocrx_word' id='word_1_112' title='bbox 971 1038 1064 1111; x_wconf 87' lang='lat' dir='ltr'><strong>hostis,</strong></span> 
     </span>
     <span class='ocr_line' id='line_1_15' title="bbox 161 1107 1061 1176; baseline 0.002 -17"><span class='ocrx_word' id='word_1_113' title='bbox 161 1107 243 1159; x_wconf 89' lang='lat' dir='ltr'><strong>victor</strong></span> <span class='ocrx_word' id='word_1_114' title='bbox 284 1107 362 1160; x_wconf 90' lang='lat' dir='ltr'><strong>einde</strong></span> <span class='ocrx_word' id='word_1_115' title='bbox 386 1125 495 1176; x_wconf 85' lang='lat' dir='ltr'><strong>regnum</strong></span> <span class='ocrx_word' id='word_1_116' title='bbox 515 1108 562 1160; x_wconf 92' lang='lat' dir='ltr'><strong>tibi</strong></span> <span class='ocrx_word' id='word_1_117' title='bbox 580 1107 680 1161; x_wconf 87' lang='lat' dir='ltr'><strong>reddat.</strong></span> <span class='ocrx_word' id='word_1_118' title='bbox 716 1108 775 1160; x_wconf 82' lang='lat' dir='ltr'><strong>Hoc</strong></span> <span class='ocrx_word' id='word_1_119' title='bbox 790 1117 880 1160; x_wconf 91' lang='lat' dir='ltr'><strong>antem</strong></span> <span class='ocrx_word' id='word_1_120' title='bbox 898 1107 973 1160; x_wconf 84' lang='lat' dir='ltr'><strong>brevi</strong></span> <span class='ocrx_word' id='word_1_121' title='bbox 989 1107 1061 1161; x_wconf 83' lang='lat' dir='ltr'><strong>futu·</strong></span> 
     </span>
     <span class='ocr_line' id='line_1_16' title="bbox 161 1176 1064 1246; baseline 0.003 -18"><span class='ocrx_word' id='word_1_122' title='bbox 161 1193 219 1229; x_wconf 90' lang='lat' dir='ltr'><strong>rum</strong></span> <span class='ocrx_word' id='word_1_123' title='bbox 233 1176 297 1229; x_wconf 91' lang='lat' dir='ltr'><strong>ratio</strong></span> <span class='ocrx_word' id='word_1_124' title='bbox 316 1178 450 1246; x_wconf 87' lang='lat' dir='ltr'><strong>promittit.</strong></span> <span class='ocrx_word' id='word_1_125' title='bbox 486 1177 580 1230; x_wconf 89' lang='lat' dir='ltr'><strong>Bactra</strong></span> <span class='ocrx_word' id='word_1_126' title='bbox 599 1177 696 1229; x_wconf 88' lang='lat' dir='ltr'><strong>intacta</strong></span> <span class='ocrx_word' id='word_1_127' title='bbox 711 1185 786 1230; x_wconf 92' lang='lat' dir='ltr'><strong>sunt:</strong></span> <span class='ocrx_word' id='word_1_128' title='bbox 808 1177 865 1231; x_wconf 90' lang='lat' dir='ltr'><strong>[ndi</strong></span> <span class='ocrx_word' id='word_1_129' title='bbox 885 1186 912 1230; x_wconf 90' lang='lat' dir='ltr'><strong>et</strong></span> <span class='ocrx_word' id='word_1_130' title='bbox 930 1176 1015 1231; x_wconf 84' lang='lat' dir='ltr'><strong>Sacae</strong></span> <span class='ocrx_word' id='word_1_131' title='bbox 1035 1176 1064 1231; x_wconf 89' lang='lat' dir='ltr'><strong>iu</strong></span> 
     </span>
     <span class='ocr_line' id='line_1_17' title="bbox 161 1245 1063 1316; baseline 0.002 -19"><span class='ocrx_word' id='word_1_132' title='bbox 161 1255 206 1298; x_wconf 88' lang='lat' dir='ltr'><strong>tua</strong></span> <span class='ocrx_word' id='word_1_133' title='bbox 218 1254 364 1316; x_wconf 84' lang='lat' dir='ltr'><strong>potestate:</strong></span> <span class='ocrx_word' id='word_1_134' title='bbox 383 1255 420 1298; x_wconf 91' lang='lat' dir='ltr'><strong>tot</strong></span> <span class='ocrx_word' id='word_1_135' title='bbox 438 1246 533 1315; x_wconf 87' lang='lat' dir='ltr'><strong>populi,</strong></span> <span class='ocrx_word' id='word_1_136' title='bbox 547 1254 584 1298; x_wconf 90' lang='lat' dir='ltr'><strong>tot</strong></span> <span class='ocrx_word' id='word_1_137' title='bbox 596 1247 734 1314; x_wconf 82' lang='lat' dir='ltr'><strong>exercitus,</strong></span> <span class='ocrx_word' id='word_1_138' title='bbox 748 1253 784 1299; x_wconf 91' lang='lat' dir='ltr'><strong>tot</strong></span> <span class='ocrx_word' id='word_1_139' title='bbox 796 1247 916 1315; x_wconf 90' lang='lat' dir='ltr'><strong>equitum</strong></span> <span class='ocrx_word' id='word_1_140' title='bbox 928 1245 1063 1315; x_wconf 85' lang='lat' dir='ltr'><strong>peditum·</strong></span> 
     </span>
     <span class='ocr_line' id='line_1_18' title="bbox 143 1314 1063 1384; baseline 0.003 -18"><span class='ocrx_word' id='word_1_141' title='bbox 143 1323 213 1384; x_wconf 83' lang='lat' dir='ltr'><strong>&#39;que</strong></span> <span class='ocrx_word' id='word_1_142' title='bbox 232 1315 305 1368; x_wconf 89' lang='lat' dir='ltr'><strong>milia</strong></span> <span class='ocrx_word' id='word_1_143' title='bbox 328 1315 362 1368; x_wconf 88' lang='lat' dir='ltr'><strong>ad</strong></span> <span class='ocrx_word' id='word_1_144' title='bbox 385 1315 564 1367; x_wconf 84' lang='lat' dir='ltr'><strong>renovandum</strong></span> <span class='ocrx_word' id='word_1_145' title='bbox 583 1315 682 1368; x_wconf 88' lang='lat' dir='ltr'><strong>bellum</strong></span> <span class='ocrx_word' id='word_1_146' title='bbox 700 1316 770 1376; x_wconf 82' lang='lat' dir='ltr'><strong>vires</strong></span> <span class='ocrx_word' id='word_1_147' title='bbox 786 1324 891 1384; x_wconf 84' lang='lat' dir='ltr'><strong>paratas</strong></span> <span class='ocrx_word' id='word_1_148' title='bbox 906 1314 1014 1384; x_wconf 86' lang='lat' dir='ltr'><strong>habent,</strong></span> <span class='ocrx_word' id='word_1_149' title='bbox 1034 1323 1063 1369; x_wconf 91' lang='lat' dir='ltr'><strong>nt</strong></span> 
     </span>
     <span class='ocr_line' id='line_1_19' title="bbox 161 1383 1064 1452; baseline 0.004 -17"><span class='ocrx_word' id='word_1_150' title='bbox 161 1383 244 1452; x_wconf 83' lang='lat' dir='ltr'><strong>major</strong></span> <span class='ocrx_word' id='word_1_151' title='bbox 263 1384 325 1436; x_wconf 87' lang='lat' dir='ltr'><strong>helli</strong></span> <span class='ocrx_word' id='word_1_152' title='bbox 338 1384 422 1436; x_wconf 89' lang='lat' dir='ltr'><strong>moles</strong></span> <span class='ocrx_word' id='word_1_153' title='bbox 433 1383 553 1452; x_wconf 87' lang='lat' dir='ltr'><strong>supersit,</strong></span> <span class='ocrx_word' id='word_1_154' title='bbox 567 1401 647 1452; x_wconf 89' lang='lat' dir='ltr'><strong>qnam</strong></span> <span class='ocrx_word' id='word_1_155' title='bbox 659 1383 788 1439; x_wconf 80' lang='lat' dir='ltr'><strong>exhausta</strong></span> <span class='ocrx_word' id='word_1_156' title='bbox 800 1385 841 1437; x_wconf 86' lang='lat' dir='ltr'><strong>sit.</strong></span> <span class='ocrx_word' id='word_1_157' title='bbox 878 1383 947 1443; x_wconf 78' lang='lat' dir='ltr'><strong>Quid</strong></span> <span class='ocrx_word' id='word_1_158' title='bbox 960 1384 1064 1439; x_wconf 90' lang='lat' dir='ltr'><strong>ruimus</strong></span> 
     </span>
     <span class='ocr_line' id='line_1_20' title="bbox 161 1451 1063 1521; baseline 0.01 -19"><span class='ocrx_word' id='word_1_159' title='bbox 161 1451 300 1511; x_wconf 80' lang='lat' dir='ltr'><strong>belnaium</strong></span> <span class='ocrx_word' id='word_1_160' title='bbox 323 1453 372 1504; x_wconf 86' lang='lat' dir='ltr'><strong>ritu</strong></span> <span class='ocrx_word' id='word_1_161' title='bbox 401 1454 428 1504; x_wconf 93' lang='lat' dir='ltr'><strong>iii</strong></span> <span class='ocrx_word' id='word_1_162' title='bbox 456 1454 599 1521; x_wconf 87' lang='lat' dir='ltr'><strong>perniciem</strong></span> <span class='ocrx_word' id='word_1_163' title='bbox 628 1470 678 1505; x_wconf 90' lang='lat' dir='ltr'><strong>noti</strong></span> <span class='ocrx_word' id='word_1_164' title='bbox 708 1453 907 1507; x_wconf 72' lang='lat' dir='ltr'><strong>necessariami</strong></span> <span class='ocrx_word' id='word_1_165' title='bbox 943 1453 1063 1511; x_wconf 82' lang='lat' dir='ltr'><strong>Fortium</strong></span> 
     </span>
     <span class='ocr_line' id='line_1_21' title="bbox 161 1520 1062 1591; baseline 0.008 -20"><span class='ocrx_word' id='word_1_166' title='bbox 161 1520 275 1572; x_wconf 86' lang='lat' dir='ltr'><strong>virorum</strong></span> <span class='ocrx_word' id='word_1_167' title='bbox 292 1529 339 1586; x_wconf 88' lang='lat' dir='ltr'><strong>est,</strong></span> <span class='ocrx_word' id='word_1_168' title='bbox 353 1522 437 1589; x_wconf 88' lang='lat' dir='ltr'><strong>niagis</strong></span> <span class='ocrx_word' id='word_1_169' title='bbox 455 1532 565 1574; x_wconf 89' lang='lat' dir='ltr'><strong>mortem</strong></span> <span class='ocrx_word' id='word_1_170' title='bbox 583 1530 759 1590; x_wconf 87' lang='lat' dir='ltr'><strong>contemnere,</strong></span> <span class='ocrx_word' id='word_1_171' title='bbox 771 1538 851 1591; x_wconf 89' lang='lat' dir='ltr'><strong>quarn</strong></span> <span class='ocrx_word' id='word_1_172' title='bbox 869 1522 958 1576; x_wconf 83' lang='lat' dir='ltr'><strong>odisee</strong></span> <span class='ocrx_word' id='word_1_173' title='bbox 969 1524 1062 1578; x_wconf 82' lang='lat' dir='ltr'><strong>vitam.</strong></span> 
     </span>
     <span class='ocr_line' id='line_1_22' title="bbox 161 1589 1062 1713; baseline 0.004 -71"><span class='ocrx_word' id='word_1_174' title='bbox 161 1589 246 1658; x_wconf 87' lang='lat' dir='ltr'><strong>Saepe</strong></span> <span class='ocrx_word' id='word_1_175' title='bbox 263 1589 351 1641; x_wconf 88' lang='lat' dir='ltr'><strong>taedio</strong></span> <span class='ocrx_word' id='word_1_176' title='bbox 368 1590 464 1643; x_wconf 88' lang='lat' dir='ltr'><strong>laboris</strong></span> <span class='ocrx_word' id='word_1_177' title='bbox 480 1591 513 1643; x_wconf 90' lang='lat' dir='ltr'><strong>ad</strong></span> <span class='ocrx_word' id='word_1_178' title='bbox 533 1591 663 1645; x_wconf 84' lang='lat' dir='ltr'><strong>vilitatem</strong></span> <span class='ocrx_word' id='word_1_179' title='bbox 680 1593 731 1644; x_wconf 83' lang='lat' dir='ltr'><strong>sui⁵</strong></span> <span class='ocrx_word' id='word_1_180' title='bbox 748 1591 941 1713; x_wconf 74' lang='lat' dir='ltr'><strong>compelluntur</strong></span> <span class='ocrx_word' id='word_1_181' title='bbox 958 1591 1062 1661; x_wconf 79' lang='lat' dir='ltr'><strong>ignari:</strong></span> 
     </span>
     <span class='ocr_line' id='line_1_23' title="bbox 161 1657 1063 1730; baseline 0.007 -20"><span class='ocrx_word' id='word_1_182' title='bbox 161 1666 188 1710; x_wconf 89' lang='lat' dir='ltr'><strong>at</strong></span> <span class='ocrx_word' id='word_1_183' title='bbox 200 1657 267 1711; x_wconf 91' lang='lat' dir='ltr'><strong>nihil</strong></span> <span class='ocrx_word' id='word_1_184' title='bbox 278 1660 360 1711; x_wconf 86' lang='lat' dir='ltr'><strong>virtus</strong></span> <span class='ocrx_word' id='word_1_185' title='bbox 371 1660 537 1729; x_wconf 86' lang='lat' dir='ltr'><strong>inexpertum</strong></span> <span class='ocrx_word' id='word_1_186' title='bbox 548 1660 653 1713; x_wconf 89' lang='lat' dir='ltr'><strong>omittit.</strong></span> <span class='ocrx_word' id='word_1_187' title='bbox 689 1661 780 1730; x_wconf 88' lang='lat' dir='ltr'><strong>ltaque</strong></span> <span class='ocrx_word' id='word_1_188' title='bbox 800 1676 815 1713; x_wconf 90' lang='lat' dir='ltr'><strong>ti</strong></span> <span class='ocrx_word' id='word_1_189' title='bbox 828 1663 923 1714; x_wconf 84' lang='lat' dir='ltr'><strong>timum</strong></span> <span class='ocrx_word' id='word_1_190' title='bbox 939 1661 1063 1717; x_wconf 88' lang='lat' dir='ltr'><strong>omniunt</strong></span> 
     </span>
     <span class='ocr_line' id='line_1_24' title="bbox 160 1729 1061 1801; baseline 0.003 -21"><span class='ocrx_word' id='word_1_191' title='bbox 160 1744 231 1780; x_wconf 89' lang='lat' dir='ltr'><strong>mors</strong></span> <span class='ocrx_word' id='word_1_192' title='bbox 243 1738 291 1798; x_wconf 86' lang='lat' dir='ltr'><strong>est,</strong></span> <span class='ocrx_word' id='word_1_193' title='bbox 303 1729 337 1780; x_wconf 94' lang='lat' dir='ltr'><strong>ad</strong></span> <span class='ocrx_word' id='word_1_194' title='bbox 350 1746 429 1798; x_wconf 90' lang='lat' dir='ltr'><strong>quarn</strong></span> <span class='ocrx_word' id='word_1_195' title='bbox 443 1746 492 1781; x_wconf 91' lang='lat' dir='ltr'><strong>non</strong></span> <span class='ocrx_word' id='word_1_196' title='bbox 506 1729 577 1798; x_wconf 86' lang='lat' dir='ltr'><strong>pigre</strong></span> <span class='ocrx_word' id='word_1_197' title='bbox 594 1731 630 1781; x_wconf 92' lang='lat' dir='ltr'><strong>ire</strong></span> <span class='ocrx_word' id='word_1_198' title='bbox 642 1730 706 1782; x_wconf 90' lang='lat' dir='ltr'><strong>satis</strong></span> <span class='ocrx_word' id='word_1_199' title='bbox 717 1739 765 1782; x_wconf 88' lang='lat' dir='ltr'><strong>est.</strong></span> <span class='ocrx_word' id='word_1_200' title='bbox 801 1729 911 1782; x_wconf 86' lang='lat' dir='ltr'><strong>Proinde</strong></span> <span class='ocrx_word' id='word_1_201' title='bbox 922 1729 946 1783; x_wconf 92' lang='lat' dir='ltr'><strong>si</strong></span> <span class='ocrx_word' id='word_1_202' title='bbox 958 1730 1061 1801; x_wconf 81' lang='lat' dir='ltr'><strong>Bactra,</strong></span> 
     </span>
     <span class='ocr_line' id='line_1_25' title="bbox 160 1798 1063 1869; baseline 0.006 -20"><span class='ocrx_word' id='word_1_203' title='bbox 160 1798 230 1866; x_wconf 90' lang='lat' dir='ltr'><strong>quod</strong></span> <span class='ocrx_word' id='word_1_204' title='bbox 258 1798 418 1851; x_wconf 86' lang='lat' dir='ltr'><strong>tutissimum</strong></span> <span class='ocrx_word' id='word_1_205' title='bbox 448 1798 643 1868; x_wconf 75' lang='lat' dir='ltr'><strong>receptaculum</strong></span> <span class='ocrx_word' id='word_1_206' title='bbox 668 1809 717 1867; x_wconf 90' lang='lat' dir='ltr'><strong>est,</strong></span> <span class='ocrx_word' id='word_1_207' title='bbox 744 1799 866 1868; x_wconf 86' lang='lat' dir='ltr'><strong>petimus,</strong></span> <span class='ocrx_word' id='word_1_208' title='bbox 895 1799 1063 1869; x_wconf 84' lang='lat' dir='ltr'><strong>praesectum</strong></span> 
     </span>
     <span class='ocr_line' id='line_1_26' title="bbox 161 1867 1061 1937; baseline 0.007 -20"><span class='ocrx_word' id='word_1_209' title='bbox 161 1867 274 1935; x_wconf 86' lang='lat' dir='ltr'><strong>regionis</strong></span> <span class='ocrx_word' id='word_1_210' title='bbox 298 1868 356 1937; x_wconf 84' lang='lat' dir='ltr'><strong>ejus</strong></span> <span class='ocrx_word' id='word_1_211' title='bbox 379 1868 489 1920; x_wconf 87' lang='lat' dir='ltr'><strong>Bessum</strong></span> <span class='ocrx_word' id='word_1_212' title='bbox 519 1885 608 1936; x_wconf 83' lang='lat' dir='ltr'><strong>regem</strong></span> <span class='ocrx_word' id='word_1_213' title='bbox 639 1869 762 1936; x_wconf 87' lang='lat' dir='ltr'><strong>temporis</strong></span> <span class='ocrx_word' id='word_1_214' title='bbox 790 1869 874 1936; x_wconf 88' lang='lat' dir='ltr'><strong>gratia</strong></span> <span class='ocrx_word' id='word_1_215' title='bbox 904 1877 1061 1923; x_wconf 80' lang='lat' dir='ltr'><strong>statuamus</strong></span> 
     </span>
     <span class='ocr_line' id='line_1_27' title="bbox 160 1935 1061 2015; baseline 0.007 -28"><span class='ocrx_word' id='word_1_216' title='bbox 160 1935 317 2015; x_wconf 85' lang='lat' dir='ltr'><strong>Compositis</strong></span> <span class='ocrx_word' id='word_1_217' title='bbox 337 1938 421 2007; x_wconf 87' lang='lat' dir='ltr'><strong>iebus,</strong></span> <span class='ocrx_word' id='word_1_218' title='bbox 439 1937 508 2007; x_wconf 80' lang='lat' dir='ltr'><strong>justo</strong></span> <span class='ocrx_word' id='word_1_219' title='bbox 529 1938 585 2006; x_wconf 91' lang='lat' dir='ltr'><strong>regi</strong></span> <span class='ocrx_word' id='word_1_220' title='bbox 605 1937 653 1990; x_wconf 89' lang='lat' dir='ltr'><strong>tibi</strong></span> <span class='ocrx_word' id='word_1_221' title='bbox 673 1937 850 1991; x_wconf 77' lang='lat' dir='ltr'><strong>fiduciarium⁸</strong></span> <span class='ocrx_word' id='word_1_222' title='bbox 868 1939 989 1991; x_wconf 85' lang='lat' dir='ltr'><strong>restituet</strong></span> <span class='ocrx_word' id='word_1_223' title='bbox 1008 1938 1061 1994; x_wconf 89' lang='lat' dir='ltr'><strong>int·</strong></span> 
     </span>
     <span class='ocr_line' id='line_1_28' title="bbox 178 2020 271 2056; baseline 0.022 -2"><span class='ocrx_word' id='word_1_224' title='bbox 178 2020 271 2056; x_wconf 85' lang='lat' dir='ltr'><strong>eitum.</strong></span> 
     </span>
     <span class='ocr_line' id='line_1_29' title="bbox 159 2019 1063 2147; baseline 0.009 -25"><span class='ocrx_word' id='word_1_225' title='bbox 159 2019 235 2124; x_wconf 68' lang='lat' dir='ltr'><strong>pti.</strong></span> <span class='ocrx_word' id='word_1_226' title='bbox 255 2073 330 2125; x_wconf 85' lang='lat' dir='ltr'><strong>Haud</strong></span> <span class='ocrx_word' id='word_1_227' title='bbox 357 2075 453 2126; x_wconf 91' lang='lat' dir='ltr'><strong>mirum</strong></span> <span class='ocrx_word' id='word_1_228' title='bbox 476 2083 524 2143; x_wconf 89' lang='lat' dir='ltr'><strong>est,</strong></span> <span class='ocrx_word' id='word_1_229' title='bbox 551 2075 665 2127; x_wconf 88' lang='lat' dir='ltr'><strong>Dareum</strong></span> <span class='ocrx_word' id='word_1_230' title='bbox 689 2092 741 2128; x_wconf 91' lang='lat' dir='ltr'><strong>non</strong></span> <span class='ocrx_word' id='word_1_231' title='bbox 764 2084 927 2146; x_wconf 87' lang='lat' dir='ltr'><strong>temperasse</strong></span> <span class='ocrx_word' id='word_1_232' title='bbox 950 2076 1063 2147; x_wconf 84' lang='lat' dir='ltr'><strong>animo,⁷</strong></span> 
     </span>
     <span class='ocr_line' id='line_1_30' title="bbox 159 2143 1061 2214; baseline 0.009 -22"><span class='ocrx_word' id='word_1_233' title='bbox 159 2155 321 2210; x_wconf 92' lang='lat' dir='ltr'><strong>quamquam</strong></span> <span class='ocrx_word' id='word_1_234' title='bbox 339 2151 393 2195; x_wconf 89' lang='lat' dir='ltr'><strong>tarn</strong></span> <span class='ocrx_word' id='word_1_235' title='bbox 411 2143 507 2212; x_wconf 86' lang='lat' dir='ltr'><strong>impiae</strong></span> <span class='ocrx_word' id='word_1_236' title='bbox 527 2145 585 2196; x_wconf 86' lang='lat' dir='ltr'><strong>voci</strong></span> <span class='ocrx_word' id='word_1_237' title='bbox 603 2151 730 2212; x_wconf 90' lang='lat' dir='ltr'><strong>quantum</strong></span> <span class='ocrx_word' id='word_1_238' title='bbox 750 2145 826 2198; x_wconf 80' lang='lat' dir='ltr'><strong>nefas</strong></span> <span class='ocrx_word' id='word_1_239' title='bbox 843 2145 935 2214; x_wconf 82' lang='lat' dir='ltr'><strong>esset,⁸</strong></span> <span class='ocrx_word' id='word_1_240' title='bbox 951 2145 1061 2200; x_wconf 75' lang='lat' dir='ltr'><strong>latebat,</strong></span> 
     </span>
    </p>
   </div>
   <div class='ocr_carea' id='block_1_3' title="bbox 154 2270 1061 3160">
    <p class='ocr_par' dir='ltr' id='par_1_3' title="bbox 158 2270 1061 2510">
     <span class='ocr_line' id='line_1_31' title="bbox 188 2270 1061 2337; baseline 0.011 -19"><span class='ocrx_word' id='word_1_241' title='bbox 188 2270 233 2318; x_wconf 88' lang='lat' dir='ltr'><strong>¹In</strong></span> <span class='ocrx_word' id='word_1_242' title='bbox 252 2270 293 2318; x_wconf 88' lang='lat' dir='ltr'><strong>the</strong></span> <span class='ocrx_word' id='word_1_243' title='bbox 311 2287 381 2321; x_wconf 90' lang='lat' dir='ltr'><strong>sense</strong></span> <span class='ocrx_word' id='word_1_244' title='bbox 400 2271 428 2319; x_wconf 85' lang='lat' dir='ltr'><strong>uf</strong></span> <span class='ocrx_word' id='word_1_245' title='bbox 441 2272 473 2320; x_wconf 91' lang='lat' dir='ltr'><strong>its</strong></span> <span class='ocrx_word' id='word_1_246' title='bbox 491 2272 631 2330; x_wconf 87' lang='lat' dir='ltr'><strong>derivation,</strong></span> <span class='ocrx_word' id='word_1_247' title='bbox 654 2276 701 2334; x_wconf 85' lang='lat' dir='ltr'><strong>‘by</strong></span> <span class='ocrx_word' id='word_1_248' title='bbox 717 2276 838 2337; x_wconf 88' lang='lat' dir='ltr'><strong>throwing</strong></span> <span class='ocrx_word' id='word_1_249' title='bbox 855 2278 996 2326; x_wconf 86' lang='lat' dir='ltr'><strong>overheard&#39;</strong></span> <span class='ocrx_word' id='word_1_250' title='bbox 1016 2278 1061 2328; x_wconf 87' lang='lat' dir='ltr'><strong>the</strong></span> 
     </span>
     <span class='ocr_line' id='line_1_32' title="bbox 158 2330 1060 2416; baseline 0.011 -39"><span class='ocrx_word' id='word_1_251' title='bbox 158 2330 284 2390; x_wconf 89' lang='lat' dir='ltr'><strong>weightier</strong></span> <span class='ocrx_word' id='word_1_252' title='bbox 295 2341 345 2390; x_wconf 88' lang='lat' dir='ltr'><strong>part</strong></span> <span class='ocrx_word' id='word_1_253' title='bbox 356 2331 384 2400; x_wconf 80' lang='lat' dir='ltr'><strong>pf</strong></span> <span class='ocrx_word' id='word_1_254' title='bbox 390 2332 431 2379; x_wconf 92' lang='lat' dir='ltr'><strong>the</strong></span> <span class='ocrx_word' id='word_1_255' title='bbox 442 2347 520 2393; x_wconf 85' lang='lat' dir='ltr'><strong>cargo.</strong></span> <span class='ocrx_word' id='word_1_256' title='bbox 551 2332 649 2401; x_wconf 65' lang='lat' dir='ltr'><strong>ducturo</strong></span> <span class='ocrx_word' id='word_1_257' title='bbox 659 2334 795 2416; x_wconf 70' lang='lat' dir='ltr'><strong>ultimatelp</strong></span> <span class='ocrx_word' id='word_1_258' title='bbox 805 2350 888 2384; x_wconf 90' lang='lat' dir='ltr'><strong>means</strong></span> <span class='ocrx_word' id='word_1_259' title='bbox 901 2334 964 2385; x_wconf 84' lang='lat' dir='ltr'><strong>‘loss</strong></span> <span class='ocrx_word' id='word_1_260' title='bbox 973 2337 990 2394; x_wconf 69' lang='grc' dir='ltr'><strong>ς’</strong></span> <span class='ocrx_word' id='word_1_261' title='bbox 1003 2350 1060 2397; x_wconf 85' lang='lat' dir='ltr'><strong>pro·-</strong></span> 
     </span>
     <span class='ocr_line' id='line_1_33' title="bbox 158 2389 1027 2510; baseline 0.009 -15"><span class='ocrx_word' id='word_1_262' title='bbox 158 2389 1027 2510; x_wconf 52' lang='lat' dir='ltr'><strong>”taitintinniit:itt‘thtsttssttta,„in,ie</strong></span> 
     </span>
    </p>

    <p class='ocr_par' dir='ltr' id='par_1_4' title="bbox 157 2508 1060 2746">
     <span class='ocr_line' id='line_1_34' title="bbox 186 2508 1060 2574; baseline 0.007 -18"><span class='ocrx_word' id='word_1_263' title='bbox 186 2513 211 2536; x_wconf 81' lang='lat'><strong>’⁴</strong></span> <span class='ocrx_word' id='word_1_264' title='bbox 222 2508 303 2556; x_wconf 86' lang='lat' dir='ltr'><strong>There</strong></span> <span class='ocrx_word' id='word_1_265' title='bbox 315 2508 335 2557; x_wconf 91' lang='lat' dir='ltr'><strong>is</strong></span> <span class='ocrx_word' id='word_1_266' title='bbox 346 2510 406 2558; x_wconf 90' lang='lat' dir='ltr'><strong>need</strong></span> <span class='ocrx_word' id='word_1_267' title='bbox 417 2509 445 2557; x_wconf 86' lang='lat' dir='ltr'><strong>of</strong></span> <span class='ocrx_word' id='word_1_268' title='bbox 456 2525 510 2557; x_wconf 86' lang='lat' dir='ltr'><strong>new</strong></span> <span class='ocrx_word' id='word_1_269' title='bbox 522 2511 550 2558; x_wconf 91' lang='lat' dir='ltr'><strong>he</strong></span> <span class='ocrx_word' id='word_1_270' title='bbox 569 2511 662 2571; x_wconf 84' lang='lat' dir='ltr'><strong>inninga</strong></span> <span class='ocrx_word' id='word_1_271' title='bbox 679 2518 695 2566; x_wconf 86' lang='grc' dir='ltr'><strong>(ι</strong></span> <span class='ocrx_word' id='word_1_272' title='bbox 714 2521 737 2559; x_wconf 90' lang='lat' dir='ltr'><strong>at</strong></span> <span class='ocrx_word' id='word_1_273' title='bbox 753 2512 782 2568; x_wconf 90' lang='lat' dir='ltr'><strong>is,</strong></span> <span class='ocrx_word' id='word_1_274' title='bbox 794 2511 822 2559; x_wconf 83' lang='lat' dir='ltr'><strong>of</strong></span> <span class='ocrx_word' id='word_1_275' title='bbox 833 2513 963 2574; x_wconf 83' lang='lat' dir='ltr'><strong>beginning</strong></span> <span class='ocrx_word' id='word_1_276' title='bbox 979 2521 1060 2570; x_wconf 85' lang='lat' dir='ltr'><strong>answ)</strong></span> 
     </span>
     <span class='ocr_line' id='line_1_35' title="bbox 157 2527 1060 2640; baseline 0.012 -28"><span class='ocrx_word' id='word_1_277' title='bbox 157 2566 380 2637; x_wconf 31' lang='lat' dir='ltr'><strong>andnewlomene.)</strong></span> <span class='ocrx_word' id='word_1_278' title='bbox 413 2568 523 2630; x_wconf 89' lang='lat' dir='ltr'><strong>Nothing</strong></span> <span class='ocrx_word' id='word_1_279' title='bbox 533 2527 567 2638; x_wconf 64' lang='lat' dir='ltr'><strong>oig</strong></span> <span class='ocrx_word' id='word_1_280' title='bbox 572 2580 637 2629; x_wconf 87' lang='lat' dir='ltr'><strong>great</strong></span> <span class='ocrx_word' id='word_1_281' title='bbox 649 2571 794 2639; x_wconf 65' lang='lat' dir='ltr'><strong>importunes</strong></span> <span class='ocrx_word' id='word_1_282' title='bbox 805 2586 856 2619; x_wconf 90' lang='lat' dir='ltr'><strong>was</strong></span> <span class='ocrx_word' id='word_1_283' title='bbox 871 2570 1023 2640; x_wconf 80' lang='lat' dir='ltr'><strong>undertaken</strong></span> <span class='ocrx_word' id='word_1_284' title='bbox 1033 2573 1060 2623; x_wconf 85' lang='lat' dir='ltr'><strong>iu</strong></span> 
     </span>
     <span class='ocr_line' id='line_1_36' title="bbox 157 2627 1059 2693; baseline 0.011 -21"><span class='ocrx_word' id='word_1_285' title='bbox 157 2636 250 2693; x_wconf 81' lang='lat' dir='ltr'><strong>ancient</strong></span> <span class='ocrx_word' id='word_1_286' title='bbox 263 2639 333 2677; x_wconf 87' lang='lat' dir='ltr'><strong>times</strong></span> <span class='ocrx_word' id='word_1_287' title='bbox 345 2627 446 2675; x_wconf 80' lang='lat' dir='ltr'><strong>without</strong></span> <span class='ocrx_word' id='word_1_288' title='bbox 457 2629 586 2688; x_wconf 86' lang='lat' dir='ltr'><strong>observing</strong></span> <span class='ocrx_word' id='word_1_289' title='bbox 596 2644 688 2686; x_wconf 85' lang='lat' dir='ltr'><strong>omens,</strong></span> <span class='ocrx_word' id='word_1_290' title='bbox 701 2629 780 2679; x_wconf 91' lang='lat' dir='ltr'><strong>which</strong></span> <span class='ocrx_word' id='word_1_291' title='bbox 791 2642 855 2678; x_wconf 85' lang='lat' dir='ltr'><strong>were</strong></span> <span class='ocrx_word' id='word_1_292' title='bbox 871 2631 1014 2679; x_wconf 82' lang='lat' dir='ltr'><strong>considered</strong></span> <span class='ocrx_word' id='word_1_293' title='bbox 1029 2648 1059 2682; x_wconf 85' lang='lat' dir='ltr'><strong>as</strong></span> 
     </span>
     <span class='ocr_line' id='line_1_37' title="bbox 157 2682 434 2746; baseline 0.014 -17"><span class='ocrx_word' id='word_1_294' title='bbox 157 2682 197 2730; x_wconf 92' lang='lat' dir='ltr'><strong>the</strong></span> <span class='ocrx_word' id='word_1_295' title='bbox 208 2698 275 2731; x_wconf 85' lang='lat' dir='ltr'><strong>voire</strong></span> <span class='ocrx_word' id='word_1_296' title='bbox 286 2685 314 2732; x_wconf 83' lang='lat' dir='ltr'><strong>os</strong></span> <span class='ocrx_word' id='word_1_297' title='bbox 325 2685 434 2746; x_wconf 87' lang='lat' dir='ltr'><strong>divinity.</strong></span> 
     </span>
    </p>

    <p class='ocr_par' dir='ltr' id='par_1_5' title="bbox 154 2742 1058 3101">
     <span class='ocr_line' id='line_1_38' title="bbox 181 2742 1058 2809; baseline 0.009 -20"><span class='ocrx_word' id='word_1_298' title='bbox 181 2742 338 2809; x_wconf 40' lang='lat' dir='ltr'><strong>&#39;‘Auspieium</strong></span> <span class='ocrx_word' id='word_1_299' title='bbox 348 2744 373 2791; x_wconf 91' lang='lat' dir='ltr'><strong>in</strong></span> <span class='ocrx_word' id='word_1_300' title='bbox 383 2744 424 2792; x_wconf 86' lang='lat' dir='ltr'><strong>the&#39;</strong></span> <span class='ocrx_word' id='word_1_301' title='bbox 436 2744 530 2792; x_wconf 88' lang='lat' dir='ltr'><strong>Roman</strong></span> <span class='ocrx_word' id='word_1_302' title='bbox 541 2761 621 2801; x_wconf 90' lang='lat' dir='ltr'><strong>sense,</strong></span> <span class='ocrx_word' id='word_1_303' title='bbox 634 2761 684 2794; x_wconf 85' lang='lat' dir='ltr'><strong>was</strong></span> <span class='ocrx_word' id='word_1_304' title='bbox 695 2747 736 2795; x_wconf 87' lang='lat' dir='ltr'><strong>the</strong></span> <span class='ocrx_word' id='word_1_305' title='bbox 747 2747 810 2808; x_wconf 87' lang='lat' dir='ltr'><strong>right</strong></span> <span class='ocrx_word' id='word_1_306' title='bbox 826 2747 854 2794; x_wconf 84' lang='lat' dir='ltr'><strong>os</strong></span> <span class='ocrx_word' id='word_1_307' title='bbox 865 2748 1003 2809; x_wconf 79' lang='lat' dir='ltr'><strong>consulting</strong></span> <span class='ocrx_word' id='word_1_308' title='bbox 1012 2748 1058 2799; x_wconf 86' lang='lat' dir='ltr'><strong>the</strong></span> 
     </span>
     <span class='ocr_line' id='line_1_39' title="bbox 156 2799 1056 2868; baseline 0.012 -23"><span class='ocrx_word' id='word_1_309' title='bbox 156 2799 206 2868; x_wconf 78' lang='lat' dir='ltr'><strong>will</strong></span> <span class='ocrx_word' id='word_1_310' title='bbox 221 2800 249 2848; x_wconf 83' lang='lat' dir='ltr'><strong>os</strong></span> <span class='ocrx_word' id='word_1_311' title='bbox 261 2801 301 2848; x_wconf 92' lang='lat' dir='ltr'><strong>tha</strong></span> <span class='ocrx_word' id='word_1_312' title='bbox 333 2803 385 2858; x_wconf 90' lang='lat' dir='ltr'><strong>ods,</strong></span> <span class='ocrx_word' id='word_1_313' title='bbox 399 2804 570 2865; x_wconf 88' lang='lat' dir='ltr'><strong>byobsarving</strong></span> <span class='ocrx_word' id='word_1_314' title='bbox 585 2805 626 2852; x_wconf 91' lang='lat' dir='ltr'><strong>the</strong></span> <span class='ocrx_word' id='word_1_315' title='bbox 641 2805 667 2853; x_wconf 91' lang='lat' dir='ltr'><strong>fli</strong></span> <span class='ocrx_word' id='word_1_316' title='bbox 684 2805 710 2853; x_wconf 93' lang='lat' dir='ltr'><strong>ht</strong></span> <span class='ocrx_word' id='word_1_317' title='bbox 727 2806 755 2854; x_wconf 83' lang='lat' dir='ltr'><strong>of</strong></span> <span class='ocrx_word' id='word_1_318' title='bbox 767 2807 838 2854; x_wconf 90' lang='lat' dir='ltr'><strong>birds.</strong></span> <span class='ocrx_word' id='word_1_319' title='bbox 870 2806 933 2855; x_wconf 85' lang='lat' dir='ltr'><strong>This</strong></span> <span class='ocrx_word' id='word_1_320' title='bbox 944 2823 996 2856; x_wconf 86' lang='lat' dir='ltr'><strong>was</strong></span> <span class='ocrx_word' id='word_1_321' title='bbox 1011 2823 1056 2856; x_wconf 88' lang='lat' dir='ltr'><strong>sii·</strong></span> 
     </span>
     <span class='ocr_line' id='line_1_40' title="bbox 159 2817 1055 2933; baseline 0.011 -28"><span class='ocrx_word' id='word_1_322' title='bbox 159 2859 233 2918; x_wconf 81' lang='lat' dir='ltr'><strong>Joyed</strong></span> <span class='ocrx_word' id='word_1_323' title='bbox 253 2861 286 2919; x_wconf 91' lang='lat' dir='ltr'><strong>by</strong></span> <span class='ocrx_word' id='word_1_324' title='bbox 306 2817 347 2908; x_wconf 57' lang='lat' dir='ltr'><strong>tie</strong></span> <span class='ocrx_word' id='word_1_325' title='bbox 368 2862 636 2930; x_wconf 82' lang='lat' dir='ltr'><strong>commander·in·ohief</strong></span> <span class='ocrx_word' id='word_1_326' title='bbox 650 2821 683 2932; x_wconf 68' lang='lat' dir='ltr'><strong>pi</strong></span> <span class='ocrx_word' id='word_1_327' title='bbox 702 2881 827 2933; x_wconf 75' lang='lat' dir='ltr'><strong>snainiy.</strong></span> <span class='ocrx_word' id='word_1_328' title='bbox 860 2865 1055 2928; x_wconf 78' lang='lat' dir='ltr'><strong>Consequendy,</strong></span> 
     </span>
     <span class='ocr_line' id='line_1_41' title="bbox 155 2917 1058 2987; baseline 0.01 -21"><span class='ocrx_word' id='word_1_329' title='bbox 155 2917 220 2966; x_wconf 84' lang='lat' dir='ltr'><strong>what</strong></span> <span class='ocrx_word' id='word_1_330' title='bbox 232 2934 282 2966; x_wconf 90' lang='lat' dir='ltr'><strong>was</strong></span> <span class='ocrx_word' id='word_1_331' title='bbox 292 2918 353 2966; x_wconf 92' lang='lat' dir='ltr'><strong>done</strong></span> <span class='ocrx_word' id='word_1_332' title='bbox 364 2921 441 2968; x_wconf 91' lang='lat' dir='ltr'><strong>either</strong></span> <span class='ocrx_word' id='word_1_333' title='bbox 450 2921 526 2970; x_wconf 91' lang='lat' dir='ltr'><strong>under</strong></span> <span class='ocrx_word' id='word_1_334' title='bbox 536 2921 572 2970; x_wconf 83' lang='lat' dir='ltr'><strong>his</strong></span> <span class='ocrx_word' id='word_1_335' title='bbox 583 2938 638 2970; x_wconf 90' lang='lat' dir='ltr'><strong>own</strong></span> <span class='ocrx_word' id='word_1_336' title='bbox 649 2925 785 2972; x_wconf 82' lang='lat' dir='ltr'><strong>immediate</strong></span> <span class='ocrx_word' id='word_1_337' title='bbox 794 2924 929 2982; x_wconf 90' lang='lat' dir='ltr'><strong>command,</strong></span> <span class='ocrx_word' id='word_1_338' title='bbox 939 2941 967 2974; x_wconf 91' lang='lat' dir='ltr'><strong>or</strong></span> <span class='ocrx_word' id='word_1_339' title='bbox 975 2927 1008 2987; x_wconf 87' lang='lat' dir='ltr'><strong>by</strong></span> <span class='ocrx_word' id='word_1_340' title='bbox 1015 2925 1058 2976; x_wconf 75' lang='lat' dir='ltr'><strong>his</strong></span> 
     </span>
     <span class='ocr_line' id='line_1_42' title="bbox 155 2976 1054 3049; baseline 0.006 -22"><span class='ocrx_word' id='word_1_341' title='bbox 155 2976 307 3027; x_wconf 77' lang='lat' dir='ltr'><strong>subordinate</strong></span> <span class='ocrx_word' id='word_1_342' title='bbox 318 2977 421 3036; x_wconf 85' lang='lat' dir='ltr'><strong>officere,</strong></span> <span class='ocrx_word' id='word_1_343' title='bbox 434 2995 484 3028; x_wconf 89' lang='lat' dir='ltr'><strong>was</strong></span> <span class='ocrx_word' id='word_1_344' title='bbox 495 2980 546 3029; x_wconf 91' lang='lat' dir='ltr'><strong>said</strong></span> <span class='ocrx_word' id='word_1_345' title='bbox 557 2990 581 3028; x_wconf 93' lang='lat' dir='ltr'><strong>to</strong></span> <span class='ocrx_word' id='word_1_346' title='bbox 592 2983 622 3028; x_wconf 92' lang='lat' dir='ltr'><strong>be</strong></span> <span class='ocrx_word' id='word_1_347' title='bbox 633 2981 693 3031; x_wconf 91' lang='lat' dir='ltr'><strong>done</strong></span> <span class='ocrx_word' id='word_1_348' title='bbox 702 2985 744 3031; x_wconf 84' lang='lat' dir='ltr'><strong>sub</strong></span> <span class='ocrx_word' id='word_1_349' title='bbox 753 2985 866 3045; x_wconf 81' lang='lat' dir='ltr'><strong>auspiciis</strong></span> <span class='ocrx_word' id='word_1_350' title='bbox 877 2985 935 3044; x_wconf 56' lang='lat' dir='ltr'><strong>qus.</strong></span> <span class='ocrx_word' id='word_1_351' title='bbox 961 2984 1054 3049; x_wconf 76' lang='lat' dir='ltr'><strong>Auspi-</strong></span> 
     </span>
     <span class='ocr_line' id='line_1_43' title="bbox 154 3036 987 3101; baseline 0.01 -19"><span class='ocrx_word' id='word_1_352' title='bbox 154 3037 222 3091; x_wconf 78' lang='lat' dir='ltr'><strong>cium,</strong></span> <span class='ocrx_word' id='word_1_353' title='bbox 235 3036 362 3092; x_wconf 89' lang='lat' dir='ltr'><strong>therefore,</strong></span> <span class='ocrx_word' id='word_1_354' title='bbox 376 3053 432 3098; x_wconf 83' lang='lat' dir='ltr'><strong>may</strong></span> <span class='ocrx_word' id='word_1_355' title='bbox 442 3054 512 3087; x_wconf 89' lang='lat' dir='ltr'><strong>mean</strong></span> <span class='ocrx_word' id='word_1_356' title='bbox 539 3040 645 3101; x_wconf 83' lang='lat' dir='ltr'><strong>ensrally</strong></span> <span class='ocrx_word' id='word_1_357' title='bbox 658 3042 775 3090; x_wconf 84' lang='lat' dir='ltr'><strong>‘autharit</strong></span> <span class='ocrx_word' id='word_1_358' title='bbox 796 3043 812 3099; x_wconf 77' lang='lat'><strong>,⁹</strong></span> <span class='ocrx_word' id='word_1_359' title='bbox 827 3043 987 3097; x_wconf 78' lang='lat' dir='ltr'><strong>‘command&#39;</strong></span> 
     </span>
    </p>

    <p class='ocr_par' dir='ltr' id='par_1_6' title="bbox 184 3056 1040 3160">
     <span class='ocr_line' id='line_1_44' title="bbox 184 3056 1040 3160; baseline 0.013 -19"><span class='ocrx_word' id='word_1_360' title='bbox 184 3101 208 3127; x_wconf 78' lang='lat'><strong>⁸¹</strong></span> <span class='ocrx_word' id='word_1_361' title='bbox 219 3095 258 3144; x_wconf 85' lang='lat' dir='ltr'><strong>To</strong></span> <span class='ocrx_word' id='word_1_362' title='bbox 268 3111 282 3142; x_wconf 94' lang='lat' dir='ltr'><strong>a</strong></span> <span class='ocrx_word' id='word_1_363' title='bbox 292 3095 339 3142; x_wconf 88' lang='lat' dir='ltr'><strong>low</strong></span> <span class='ocrx_word' id='word_1_364' title='bbox 350 3096 461 3145; x_wconf 83' lang='lat' dir='ltr'><strong>estimare</strong></span> <span class='ocrx_word' id='word_1_365' title='bbox 472 3097 500 3146; x_wconf 83' lang='lat' dir='ltr'><strong>of</strong></span> <span class='ocrx_word' id='word_1_366' title='bbox 511 3056 675 3148; x_wconf 65' lang='lat' dir='ltr'><strong>tbemselves!</strong></span> <span class='ocrx_word' id='word_1_367' title='bbox 708 3101 754 3149; x_wconf 85' lang='lat' dir='ltr'><strong>See</strong></span> <span class='ocrx_word' id='word_1_368' title='bbox 768 3059 846 3150; x_wconf 54' lang='lat' dir='ltr'><strong>grum.</strong></span> <span class='ocrx_word' id='word_1_369' title='bbox 858 3101 872 3153; x_wconf 74' lang='lat' dir='ltr'><strong>b</strong></span> <span class='ocrx_word' id='word_1_370' title='bbox 883 3106 936 3160; x_wconf 80' lang='lat'><strong>273,</strong></span> <span class='ocrx_word' id='word_1_371' title='bbox 949 3111 1006 3152; x_wconf 84' lang='lat' dir='ltr'><strong>note</strong></span> <span class='ocrx_word' id='word_1_372' title='bbox 1016 3105 1040 3152; x_wconf 76' lang='lat' dir='ltr'><strong>t.</strong></span> 
     </span>
    </p>
   </div>
   <div class='ocr_carea' id='block_1_4' title="bbox 181 3154 776 3262">
    <p class='ocr_par' dir='ltr' id='par_1_7' title="bbox 181 3154 776 3262">
     <span class='ocr_line' id='line_1_45' title="bbox 181 3154 776 3262; baseline 0.017 -63"><span class='ocrx_word' id='word_1_373' title='bbox 181 3160 191 3185; x_wconf 84' lang='lat'>⁸</span> <span class='ocrx_word' id='word_1_374' title='bbox 204 3154 342 3262; x_wconf 40' lang='lat' dir='ltr'><strong>‘putrusted</strong></span> <span class='ocrx_word' id='word_1_375' title='bbox 354 3164 378 3202; x_wconf 90' lang='lat' dir='ltr'><strong>to</strong></span> <span class='ocrx_word' id='word_1_376' title='bbox 388 3155 438 3203; x_wconf 91' lang='lat' dir='ltr'><strong>him</strong></span> <span class='ocrx_word' id='word_1_377' title='bbox 449 3172 475 3204; x_wconf 88' lang='lat' dir='ltr'><strong>as</strong></span> <span class='ocrx_word' id='word_1_378' title='bbox 486 3173 500 3204; x_wconf 89' lang='lat' dir='ltr'><strong>a</strong></span> <span class='ocrx_word' id='word_1_379' title='bbox 510 3159 578 3206; x_wconf 86' lang='lat' dir='ltr'><strong>mark</strong></span> <span class='ocrx_word' id='word_1_380' title='bbox 589 3157 616 3206; x_wconf 83' lang='lat' dir='ltr'><strong>oi</strong></span> <span class='ocrx_word' id='word_1_381' title='bbox 622 3159 776 3208; x_wconf 86' lang='lat' dir='ltr'><strong>confidence.&#39;</strong></span> 
     </span>
    </p>
   </div>
   <div class='ocr_carea' id='block_1_5' title="bbox 155 3213 1056 3329">
    <p class='ocr_par' dir='ltr' id='par_1_8' title="bbox 155 3213 1056 3329">
     <span class='ocr_line' id='line_1_46' title="bbox 183 3213 1056 3283; baseline 0.013 -23"><span class='ocrx_word' id='word_1_382' title='bbox 183 3216 210 3240; x_wconf 80' lang='lat'><strong>&#39;¹</strong></span> <span class='ocrx_word' id='word_1_383' title='bbox 243 3214 332 3277; x_wconf 88' lang='lat' dir='ltr'><strong>estrain</strong></span> <span class='ocrx_word' id='word_1_384' title='bbox 349 3213 387 3262; x_wconf 92' lang='lat' dir='ltr'><strong>his</strong></span> <span class='ocrx_word' id='word_1_385' title='bbox 402 3214 518 3276; x_wconf 68' lang='lat' dir='ltr'><strong>feelings!</strong></span> <span class='ocrx_word' id='word_1_386' title='bbox 550 3217 599 3266; x_wconf 87' lang='lat' dir='ltr'><strong>For</strong></span> <span class='ocrx_word' id='word_1_387' title='bbox 613 3218 654 3266; x_wconf 90' lang='lat' dir='ltr'><strong>the</strong></span> <span class='ocrx_word' id='word_1_388' title='bbox 669 3220 833 3268; x_wconf 87' lang='lat' dir='ltr'><strong>constmction</strong></span> <span class='ocrx_word' id='word_1_389' title='bbox 848 3219 875 3268; x_wconf 91' lang='lat' dir='ltr'><strong>of</strong></span> <span class='ocrx_word' id='word_1_390' title='bbox 888 3229 995 3283; x_wconf 73' lang='lat' dir='ltr'><strong>tempero.</strong></span> <span class='ocrx_word' id='word_1_391' title='bbox 1011 3234 1056 3271; x_wconf 85' lang='lat' dir='ltr'><strong>see</strong></span> 
     </span>
     <span class='ocr_line' id='line_1_47' title="bbox 155 3272 422 3329; baseline 0.007 -8"><span class='ocrx_word' id='word_1_392' title='bbox 155 3272 235 3321; x_wconf 73' lang='lat' dir='ltr'><strong>Grani.</strong></span> <span class='ocrx_word' id='word_1_393' title='bbox 247 3273 261 3325; x_wconf 73' lang='lat' dir='ltr'><strong>i</strong></span> <span class='ocrx_word' id='word_1_394' title='bbox 271 3275 323 3329; x_wconf 82' lang='lat'><strong>264,</strong></span> <span class='ocrx_word' id='word_1_395' title='bbox 335 3283 390 3321; x_wconf 92' lang='lat' dir='ltr'><strong>note</strong></span> <span class='ocrx_word' id='word_1_396' title='bbox 401 3277 422 3323; x_wconf 80' lang='lat'><strong>2.</strong></span> 
     </span>
    </p>
   </div>
   <div class='ocr_carea' id='block_1_6' title="bbox 181 3332 866 3399">
    <p class='ocr_par' dir='ltr' id='par_1_9' title="bbox 181 3332 866 3399">
     <span class='ocr_line' id='line_1_48' title="bbox 181 3332 866 3399; baseline 0.012 -19"><span class='ocrx_word' id='word_1_397' title='bbox 181 3336 190 3362; x_wconf 78' lang='lat'>⁸</span> <span class='ocrx_word' id='word_1_398' title='bbox 204 3332 282 3381; x_wconf 86' lang='lat' dir='ltr'><strong>‘How</strong></span> <span class='ocrx_word' id='word_1_399' title='bbox 292 3342 360 3394; x_wconf 82' lang='lat' dir='ltr'><strong>great</strong></span> <span class='ocrx_word' id='word_1_400' title='bbox 369 3349 384 3381; x_wconf 83' lang='lat' dir='ltr'><strong>a</strong></span> <span class='ocrx_word' id='word_1_401' title='bbox 393 3333 466 3382; x_wconf 87' lang='lat' dir='ltr'><strong>crime</strong></span> <span class='ocrx_word' id='word_1_402' title='bbox 477 3333 528 3382; x_wconf 91' lang='lat' dir='ltr'><strong>that</strong></span> <span class='ocrx_word' id='word_1_403' title='bbox 539 3334 642 3396; x_wconf 88' lang='lat' dir='ltr'><strong>impious</strong></span> <span class='ocrx_word' id='word_1_404' title='bbox 651 3336 741 3398; x_wconf 87' lang='lat' dir='ltr'><strong>speech</strong></span> <span class='ocrx_word' id='word_1_405' title='bbox 751 3336 866 3399; x_wconf 66' lang='lat' dir='ltr'><strong>implicit!</strong></span> 
     </span>
    </p>
   </div>
   <div class='ocr_carea' id='block_1_7' title="bbox 0 0 1142 3772">
    <p class='ocr_par' dir='ltr' id='par_1_10' title="bbox 0 0 1142 3772">
     <span class='ocr_line' id='line_1_49' title="bbox 0 0 1142 3772; baseline 0 2"><span class='ocrx_word' id='word_1_406' title='bbox 0 0 1142 3772; x_wconf 95' lang='lat' dir='ltr'><strong> </strong></span> 
     </span>
    </p>
   </div>
  </div>
 </body>
</html>
