2274 3772
464 180 555 222 traua
575 181 613 220 vr.
936 152 992 217 llll

88 293 170 347 finem
182 292 293 345 militiae
305 291 399 343 adesse
412 292 564 344 credebant.
601 291 678 343 Haud
691 305 770 341 secus
782 305 864 357 quam
878 303 924 356 par
937 295 993 340 erat

90 362 200 429 territus,
225 363 268 430 qui
298 360 376 413 Indos
404 371 483 429 atque
514 361 607 413 ultima
637 360 749 412 Orientis
771 374 912 427 peragrare
942 366 993 409 sta·

89 432 202 500 luisset,¹
218 430 365 500 praefectos
382 431 516 498 copiarum
534 432 559 482 in
578 430 735 498 praetorium
755 427 900 479 contrahit:
920 427 993 478 ohor-

90 504 175 570 tisque
198 500 321 568 lacrimis,
340 517 375 551 ex
399 500 485 551 medio
508 501 606 566 glorias
630 499 712 566 spatio
736 497 852 549 revocari
874 513 910 564 se,
932 496 994 548 victi

89 570 175 637 magis
192 586 274 637 quam
292 569 396 620 victoris
421 568 553 620 fortunam
580 571 605 619 in
630 568 741 636 patriam
766 566 909 618 relaturum
934 581 993 617 con-

89 648 200 708 questus
217 650 265 707 est,
279 654 329 689 neo
346 637 396 689 sibi
416 639 547 704 ignaviam
566 637 682 689 militum
699 637 810 703 obstare,
825 636 871 686 sed
884 634 994 686 deorum

92 709 226 775 invidiam,
246 707 290 774 qui
315 706 462 758 fortissimis
482 708 544 758 viris
568 707 685 758 subitum
705 705 805 774 patriae
830 704 994 756 desiderium

89 777 276 842 admovissent,
291 775 439 844 paulopost
457 775 483 827 in
501 776 615 828 eandem
634 792 696 827 curn
709 774 808 843 majore
821 773 899 825 laude
912 772 995 824 fama·

91 864 142 914 qne
168 845 309 896 redituris.2
352 845 423 896 Tum
445 862 507 896 vero
530 861 575 913 pro
600 863 629 895 se
654 845 764 912 quisque
788 860 895 911 operam
919 859 996 895 suam

90 915 194 982 offerre,
203 913 360 965 difficillima
372 930 493 981 quaeque
508 930 622 983 poscere,
633 913 750 981 polliceri
763 912 877 965 militum
890 928 995 980 quoque

89 984 255 1052 obsequium,
275 984 297 1034 si
319 984 422 1034 animos
445 1000 534 1035 eorum
555 982 607 1034 leni
625 992 651 1033 et
670 993 730 1051 apta
748 981 863 1033 oratione
882 980 997 1049 permul-

90 1070 152 1104 cere
171 1053 307 1104 voluisset.
342 1053 486 1118 Nunquam
510 1051 635 1104 infractos
653 1061 679 1103 et
703 1051 821 1121 abjectos
845 1051 996 1119 recessisse,

90 1121 212 1190 quotiens
230 1120 313 1189 ipsius
332 1120 496 1173 alacritatem
518 1130 544 1173 et
569 1121 635 1173 tanti
654 1120 734 1172 animi
756 1120 872 1189 spiritus³
891 1118 997 1172 haurire

90 1191 245 1258 potuissent.
282 1190 321 1241 lta
339 1207 368 1241 se
387 1188 517 1242 facturum
536 1207 596 1242 esse
615 1189 763 1259 respondit:
783 1189 819 1240 illi
833 1189 911 1240 modo
924 1188 997 1256 vulgi

90 1276 169 1310 aures
192 1267 379 1327 praepararent
403 1259 463 1311 sihi.
500 1259 621 1327 Satisque
645 1258 774 1326 omnibus,
796 1274 865 1326 quae
890 1259 915 1310 in
940 1275 997 1310 rem

91 1326 249 1381 videbantur
269 1345 336 1396 esse,
352 1329 511 1396 compositis,
525 1329 610 1380 vocari
629 1329 663 1380 ad
682 1328 832 1380 contionem
850 1327 998 1380 exercitum

89 1398 174 1466 jussit,
188 1397 257 1466 apud
271 1414 352 1465 quern
366 1397 446 1449 talem
459 1399 603 1450 orationem
618 1397 725 1450 hahuit:

126 1472 150 1518 7.
163 1467 376 1534 Magnitudinem
386 1483 480 1535 rerum,
490 1484 557 1535 quas
564 1469 705 1534 gessimus,
715 1466 823 1533 milites,
835 1465 1000 1519 intuentibus

90 1535 173 1604 vobis,
186 1536 296 1588 minime
309 1536 406 1588 mirum
418 1545 465 1604 est,
480 1547 506 1588 et
518 1535 679 1588 desiderium
692 1537 789 1605 quietis
806 1544 833 1587 et
846 1535 999 1589 satietatem

89 1603 187 1670 gloriae
199 1621 343 1656 occurrere.
379 1605 415 1657 Ut
428 1605 548 1657 omittam
568 1605 677 1674 Illyrios,
696 1604 833 1674 Triballos,
853 1605 998 1677 Boeotiam,

89 1673 239 1742 Thraciam,
263 1673 391 1743 Spartam,
416 1673 545 1742 Achaeos,
570 1675 788 1743 Peloponnesum,
813 1690 922 1743 quorum
947 1674 999 1728 alia

90 1742 170 1794 ductu
189 1760 257 1809 meo,
276 1743 329 1795 alia
347 1743 455 1811 imperio
473 1744 642 1812 auspicioque
682 1743 809 1812 erdomui,
828 1760 892 1794 ecoe
910 1761 999 1798 orsum

90 1811 198 1863 bellum>
210 1811 244 1864 ab
262 1811 432 1880 Hellesponto
441 1814 459 1863 :⁴
477 1813 559 1875 lonas,
579 1761 719 1865 Aeolidem
738 1811 843 1863 servitio
861 1811 1000 1866 barbariae

91 1880 252 1948 impotentis⁵
264 1881 427 1948 exemimus,
440 1882 552 1948 Cariam,
566 1881 686 1951 Lydiam,
700 1880 903 1949 Cappadociam,
918 1882 1000 1952 Phry-

90 1949 171 2016 giam,
185 1948 399 2017 Paphlagoniam,
413 1949 605 2028 Pamphyliam,
619 1950 728 2016 Pisidas,
743 1948 871 2018 Ciliciam,
885 1949 997 2021 Syriam,

91 2017 249 2086 Phoenicen,
269 2019 430 2084 Armeniam,
450 2019 594 2085 Persidem,
613 2016 716 2079 Medos,
739 2018 897 2070 Parthienen
917 2018 1000 2074 habe·

91 2104 152 2139 mus
171 2087 196 2138 in
218 2094 362 2156 potestate:
387 2087 475 2156 plures
495 2088 640 2155 provincias
658 2088 814 2156 complexus
832 2105 899 2156 sum,
918 2106 1000 2159 quam

90 2156 136 2207 alii
156 2156 234 2208 urbes
251 2164 383 2224 ceperunt,
399 2165 424 2207 et
439 2157 527 2209 nescio
542 2173 578 2208 an
597 2155 763 2208 enumeranti
781 2156 848 2210 mihi
866 2159 1000 2226 quaedam

92 2226 208 2292 ipsarum
229 2242 314 2278 rerum
336 2225 477 2278 multitudo
497 2225 660 2278 subduxerit.
696 2226 788 2295 ltaque
810 2227 832 2278 si
852 2228 998 2298 crederem,

91 2294 155 2344 satis
168 2303 266 2346 certam
281 2312 339 2347 esse
352 2296 544 2364 possessionem
557 2305 690 2364 terrarum,
701 2312 768 2364 quas
778 2304 850 2349 tanta
859 2296 1000 2350 velocitate

90 2361 250 2431 domuimus,
264 2380 313 2430 ego
325 2364 406 2431 vero,⁶
419 2364 525 2431 milites,
537 2364 570 2414 ad
587 2374 696 2432 penates
714 2381 798 2433 meos,
811 2366 844 2415 ad
862 2374 999 2432 parentem

90 2447 250 2498 sororesque,
268 2441 294 2483 et
312 2440 415 2484 ceteros
431 2433 512 2500 cives,
526 2433 568 2484 rel
587 2432 759 2484 retinentibus
770 2432 864 2500 vobis,⁷
877 2450 999 2504 erumpe·

91 2516 155 2567 rem,
169 2512 196 2551 ut
210 2500 254 2552 ubi
267 2501 432 2568 potissimum
446 2510 519 2569 parta
528 2501 663 2553 vobiscum
677 2500 754 2552 laude
764 2511 790 2553 et
799 2500 881 2568 gloria
891 2502 1005 2574 fruerer,

90 2661 191 2728 omino,
205 2671 269 2719 snrty
280 2661 365 2715 minoe,
378 2675 405 2706 or
415 2675 452 2706 sur
464 2659 584 2707 thousand
594 2663 722 2714 drachmae,
735 2675 748 2707 a
759 2660 843 2708 talent.

121 2725 127 2746 ¹
139 2719 225 2766 ‘Since
236 2718 266 2765 he
278 2718 323 2786 had
336 2718 463 2786 resolrcd.'
498 2719 544 2786 See
558 2719 638 2774 Grom,
652 2718 665 2769 l
677 2723 728 2787 360,
741 2722 762 2766 6.

118 2778 273 2837 2‘Although
285 2777 314 2832 (rl
322 2777 379 2857 they
390 2777 430 2825 did
441 2788 482 2825 not
493 2794 548 2837 give
558 2794 612 2838 way
621 2787 646 2826 to
657 2777 706 2826 this
717 2778 811 2826 sudden
821 2779 927 2842 longing)
938 2782 998 2844 they

90 2836 504 2980 Tvllhlltdsslylillhld'rehpciratiqn,'
520 2896 575 2943 ‘the
587 2896 671 2944 breath
681 2898 698 2953 ;’
711 2895 873 2958 figuratively,
886 2915 913 2948 as
929 2899 995 2958 hore,

108 2955 302 3094 e,n,lpnes,ttltlssq¹,⁰k
308 2965 555 3082 {pqpqrtnteppbmsem
564 3030 622 3066 war.
634 3013 688 3084 how
697 3014 715 3062 it
726 3016 804 3077 began
814 3015 875 3065 from
884 3017 925 3067 the
934 3016 995 3067 Het-

91 3072 210 3179 lestpto'llic
221 3072 746 3200 ddschhtcidssgsolhleilllldrltldlsthtenhlllllgrluns!
773 3133 889 3201 Inpotens
901 3135 1000 3196 (supply.

90 3190 1005 3355 {tgqlttltrtlttftdtltthltfs‘ltttttltrltttdt't'stlttiu

91 3308 862 3450 ‘³¹¹3art‘unttlrmtnnututatast⁹⁶⁸⁰·

142 3423 229 3536 ‘quq
235 3424 256 3472 il
267 3440 314 3484 you
325 3425 492 3475 endeavoured
503 3435 527 3474 to
538 3426 619 3538 dgtarn
629 3427 686 3475 ma’
