2274 3772
413 241 414 244 Ἴ
500 183 593 223 ursan
614 183 653 222 vr.
974 169 1028 222 167

122 291 242 361 noluerit,
254 309 306 346 non
324 291 479 346 mehercule
494 293 622 361 excogito,
636 308 698 344 cum
715 291 754 344 illi
772 291 905 361 utrimque
923 292 1028 359 cognita

121 379 202 414 cause
220 370 275 414 tem
292 362 420 415 damnare
438 377 482 414 me
500 362 587 430 liceat,
604 378 685 430 quam
702 361 848 430 absolvere,
861 378 912 413 non
925 363 1029 428 cognita

121 447 183 482 vero
201 430 304 483 liberari
321 431 357 483 ab
375 431 486 482 absente
505 447 555 482 non
574 447 689 499 possum,
707 431 783 510 quia
797 440 936 500 praesente
954 431 1028 483 dem-

121 511 278 553 natussum.
315 499 366 554 Sed
384 517 546 568 quemquern
564 499 645 551 vincti
664 500 778 552 bominis
794 517 845 553 non
864 516 1029 568 supervacua

121 570 214 637 solum,
227 570 274 622 sed
293 571 375 622 etiam
387 569 471 621 invisa
483 569 602 620 defensio
615 577 662 636 est,
676 569 722 636 qui
739 567 858 638 judicem
869 585 920 621 non
933 570 1028 622 docere

121 639 230 708 videtur,
240 639 288 692 sed
296 654 420 707 arguere:
433 647 532 703 tamen,
542 647 676 706 utcunque
685 637 748 690 licet
757 655 801 691 me
810 639 918 706 dicere,¹
926 651 1028 691 memet

120 711 176 777 ipse
195 725 246 760 non
264 709 394 775 deseram,
413 724 464 761 nec
483 708 656 775 committam,
676 717 703 759 ut
721 705 862 760 damnatus
873 709 954 760 etiarn
968 726 1028 760 men

119 777 252 829 sententia
260 777 360 830 videar.
392 777 523 846 Equidem
533 775 609 844 cujus
618 776 734 828 criminis
742 778 870 845 reussim,
881 794 931 829 non
941 779 1026 828 video¹

121 847 189 898 lnter
201 846 350 915 conjuratos
362 863 440 899 nemo
453 862 499 897 me
510 847 642 913 nominat;
660 845 694 897 de
711 862 754 898 me
770 846 952 899 Nicomachus
964 847 1026 898 nihil

119 915 184 968 dixit
192 933 200 983 5
219 916 362 968 Cebalinus
379 914 439 984 plns
452 931 532 982 quam
545 914 743 967 audieratscire
755 932 806 967 nou
817 916 909 984 potuit.
946 916 1027 984 Atqui

118 983 305 1053 conjurationis
315 994 395 1052 caput
408 1001 451 1036 me
465 983 547 1036 fuisse
557 983 640 1036 credit
650 983 711 1036 rex!
743 984 830 1037 Potuit
842 1001 903 1054 ergo
916 985 1027 1038 Dimnus

119 1071 181 1106 eum
194 1055 344 1122 praeterire,
358 1070 439 1121 quern
452 1053 632 1121 sequebaturl
650 1055 804 1122 praesertim
817 1071 878 1107 cum
891 1055 1027 1123 quaerenti

118 1123 202 1175 socios
215 1122 256 1175 vel
269 1122 335 1174 falec
348 1122 443 1175 luerim
456 1122 651 1192 nominandus,²
681 1139 714 1174 uo
730 1123 835 1175 facilius
852 1124 898 1192 qui
916 1133 1027 1192 tempte-

119 1192 196 1258 batur
218 1201 307 1261 posset
331 1191 442 1260 impelli.
484 1192 543 1244 Non
568 1192 640 1244 enim
662 1139 768 1244 detecto
791 1192 907 1245 facinore
931 1209 1027 1245 nornen

119 1277 212 1313 meum
235 1260 376 1330 proeteriit,
399 1269 426 1313 ut
446 1269 535 1329 posset
556 1261 641 1313 videri
664 1262 734 1314 socio
758 1262 924 1331 pepercisse:
950 1262 1027 1314 Nico·

119 1328 222 1398 runcho,
273 1347 317 1383 ern
335 1330 475 1383 taciturum
493 1347 590 1382 arcana
607 1330 642 1382 de
660 1331 803 1400 semetipso
821 1329 954 1399 credebat,
968 1347 1028 1382 con·

118 1399 212 1467 fessus,
225 1415 242 1450 a
255 1399 284 1451 ”s
296 1400 444 1468 nominatis
458 1416 503 1451 me
514 1399 797 1453 unumsubtrahebat.⁸
831 1399 943 1466 Quaeso,
957 1417 1027 1452 com·

118 1468 257 1537 militenen,
271 1471 294 1521 si
307 1468 449 1521 Cebalinus
461 1486 506 1520 me
515 1487 566 1522 non
578 1469 685 1539 edisset,
698 1468 762 1522 nibil
780 1487 826 1522 me
837 1470 872 1522 de
885 1469 1028 1538 conjuretis

117 1539 184 1590 scire
197 1537 330 1606 voluisset,
344 1555 409 1590 uum
427 1537 506 1590 bodie
524 1539 642 1592 dicerem
660 1556 769 1592 caueam
791 1539 863 1592 nullo
881 1555 925 1590 me
944 1540 1027 1591 nomi-

117 1607 216 1660 nantel
242 1607 354 1661 Dimnus
364 1623 428 1660 sane
440 1616 468 1660 et
480 1607 581 1660 viveret
590 1608 686 1674 adhuc,
696 1616 723 1660 et
732 1578 805 1661 velut
817 1607 883 1661 mihi
892 1619 1025 1677 parceret:

116 1676 179 1746 quid
199 1677 301 1730 ceteril
324 1679 368 1746 qui
389 1676 424 1730 de
444 1694 474 1729 se
496 1678 690 1731 confitebuntur
717 1693 763 1730 me
784 1677 909 1731 videlicet
928 1678 1027 1730 subtra-

116 1745 211 1801 henti*
256 1745 379 1814 Maligna
400 1754 441 1801 est
464 1746 609 1815 calamitas,
634 1757 660 1799 et
683 1717 740 1800 iere
766 1747 867 1816 noxius,
891 1764 954 1800 curn
980 1764 1027 1799 suo

116 1816 244 1885 supplicio
267 1817 418 1884 crucietur‚⁵
440 1816 586 1884 acquiescit
609 1816 704 1868 alieno.
751 1817 801 1868 Tot
821 1817 920 1868 conscii
944 1833 977 1868 ne
1001 1817 1025 1868 in

116 1885 258 1952 equuleum
271 1884 381 1953 quidem
400 1885 514 1953 impositi
528 1901 621 1938 verum
639 1884 810 1947 fatebuntur?
846 1885 937 1954 Atqui⁶
948 1901 1027 1936 nemo

116 1955 198 2022 percit
210 1953 341 2021 morituro,
355 1969 405 2006 nec
417 1954 542 2021 cuiquam
555 1953 703 2023 moriturus,
715 1962 745 2006 ut
756 1955 855 2022 opinor.

150 2022 253 2076 eund
266 2039 360 2074 verum
376 2022 478 2074 crimen
495 2022 569 2075 etad
580 2040 665 2076 unum
682 2022 869 2075 revertendum
887 2022 952 2075 mibi
971 2033 1025 2076 est:

116 2107 162 2144 cur
181 2108 239 2145 rem
257 2091 375 2144 deletam
393 2091 428 2144 ad
448 2100 475 2143 te
496 2092 622 2144 tacerent
646 2108 693 2145 cur
711 2099 766 2144 tem
785 2108 893 2144 securus
912 2091 1026 2145 audisti?

116 2160 172 2214 Hoc
195 2161 379 2231 qualecunque
403 2169 451 2230 est,
471 2161 593 2214 confesso
617 2160 864 2231 hittonemque
887 2178 926 2230 es,
948 2162 1027 2215 Alex·

115 2229 208 2299 ander,
235 2231 375 2283 remisisti:
409 2229 546 2283 dexteram
583 2242 656 2283 tuem
690 2230 836 2301 amplexus,
867 2231 1027 2284 reconciliati

115 2299 210 2367 pignus
226 2300 317 2369 animi,
336 2299 455 2352 convivio
472 2317 577 2369 quoque
595 2300 709 2353 interfui.
754 2300 781 2353 si
799 2299 934 2353 credidisti
951 2299 1025 2370 mihi,

145 2461 151 2482 ¹
163 2453 183 2502 F
184 2470 211 2503 or
223 2453 264 2502 the
272 2454 435 2502 construction
445 2453 474 2501 of
485 2456 547 2510 lieet,
559 2470 600 2502 see
613 2454 710 2514 Zumpt,
724 2454 738 2506 l
749 2457 801 2502 601.
890 2493 892 2496 ,

144 2514 203 2562 ²'I'o
218 2513 273 2575 give
289 2513 332 2582 the
347 2512 411 2561 force
422 2511 508 2581 οίιῑὴε)4
518 2514 658 2581 gerundivo,
672 2527 710 2581 we
723 2521 788 2561 must
799 2510 914 2561 translate
925 2511 982 2560 here
994 2514 1026 2572 by

115 2572 156 2621 the
172 2573 250 2621 active
261 2587 344 2620 vorce:
365 2570 508 2631 ‘especially
519 2587 586 2619 since
602 2587 647 2620 one
662 2571 741 2632 might
752 2571 813 2619 bave
825 2572 886 2618 been
897 2570 973 2619 under
984 2572 1025 2620 the

114 2632 236 2692 necessity
246 2631 275 2681 os
285 2632 384 2692 naming
394 2647 442 2685 me.
455 2630 631 2691 eventalselyff
664 2631 711 2679 See
724 2631 804 2679 Grum.
816 2629 891 2680 §392

144 2697 153 2720 ³
165 2689 203 2739 ‘It
213 2707 263 2739 was
273 2699 315 2738 not
326 2689 387 2738 ester
394 2690 435 2738 the
443 2688 570 2749 discovery
577 2689 666 2738 thethe
675 2689 826 2750 passedover
834 2704 875 2750 my
884 2704 969 2747 nnme;
982 2691 1025 2739 but
1087 2722 1089 2726 -

115 2751 185 2799 when
213 2750 279 2811 iring
295 2749 446 2798 informetion
461 2758 487 2796 to
503 2748 678 2806 Nicomachus,
690 2748 756 2805 who,
768 2749 799 2796 he
812 2747 930 2804 believed,
944 2749 1025 2798 would

115 2811 176 2871 keep
187 2766 229 2857 tbe
240 2820 327 2864 secret,
340 2807 465 2858 bennmed
473 2807 506 2856 all
517 2808 558 2856 the
569 2808 660 2865 others,
669 2807 809 2867 concealing
820 2822 859 2855 me
870 2806 935 2876 only.
952 2867 958 2876 Ι
968 2808 1024 2857 The

115 2868 181 2938 ‘but’
194 2868 345 2974 introducinp
355 2867 397 2916 tlte
403 2866 497 2935 'secornl
503 2877 558 2973 pert
566 2867 594 2915 of
600 2866 661 2915 such
671 2883 686 2915 a
695 2876 809 2915 sentence
818 2882 846 2914 as
854 2866 911 2922 tbrs,
922 2882 943 2915 rs
951 2868 1023 2916 mtbe

114 2928 185 2978 Letm
195 2926 324 2989 rhetorical
335 2942 350 2987 y
361 2925 471 2975 omitted.
522 2941 550 2974 ee
562 2925 625 2975 Zum
643 2936 661 2983 t,
673 2925 687 2977 t
698 2929 750 2975 781.

141 2987 280 3047 ‘Grenting
291 2987 343 3034 thut
360 2985 463 3033 Dimnue
474 2999 538 3032 were
549 2985 601 3033 still
636 2984 810 3042 've,endwil'
855 2993 960 3044 tospare
972 3001 1021 3042 me,

113 3045 162 3094 will
174 3046 214 3094 the
225 3046 316 3101 others,
330 3045 401 3093 when
413 3042 550 3104 confessing
566 3044 629 3092 their
639 3059 695 3092 own
704 3042 774 3092 sbere
785 3043 809 3093 in
846 3059 861 3091 e
871 3043 1020 3104 conspiracy,

113 3105 158 3153 lsee
185 3120 227 3165 my
234 3121 304 3153 neme
315 3102 458 3152 concesled!
487 3102 598 3159 lronical,
609 3103 722 3162 meaning
734 3100 791 3151 ‘No
802 3102 876 3151 doubt
888 3102 929 3150 tbe
940 3102 1022 3151 othere

112 3120 242 3212 witineme
259 3165 372 3212 me-but
388 3163 446 3221 they
456 3160 487 3209 do
503 3162 561 3208 not!
598 3161 692 3210 Viveret
703 3161 750 3210 and
758 3171 860 3224 parceret
871 3176 911 3209 ure
922 3175 1020 3209 conces·

112 3223 348 3284 eivesubjunctives.
381 3221 427 3269 See
441 3220 608 3272 Grum.t35l.
905 3278 910 3286 ι

112 3341 117 3351 ι
141 3289 149 3313 ·
160 3282 214 3329 The
225 3282 352 3330 indicative
364 3280 440 3349 might
452 3279 503 3328 also
514 3280 576 3348 have
583 3279 654 3328 stood
664 3279 737 3329 heret
757 3285 763 3306 ‘
774 3279 856 3327 When
864 3277 895 3326 he
904 3293 924 3325 rs
933 3278 1019 3326 endur-

110 3338 931 3460 ¹¹¹4lbul⁰3llssldilldlllllbhfflieemmena·

205 3478 217 3521 x
259 3539 262 3542 .
