2274 3772
109 152 168 225 m
377 184 416 223 DE
439 184 546 224 0281*ss
567 184 751 224 amittant.

109 311 181 364 quae
200 294 337 360 extarent,¹
356 293 495 346 restituere
513 292 654 345 damnatis.
689 292 742 345 Soli
760 293 1037 362 Athenienses,·non

109 381 176 416 suae
188 363 273 431 modo,
284 363 331 415 sed
343 362 424 416 etiarn
437 363 558 432 publicae
567 362 686 414 vindices
696 362 836 429 libertatis,
847 362 1038 420 colluvionem

110 432 231 486 ordinum
244 431 382 485 hominurn
395 433 458 502 quia
469 449 550 500 aegre
562 431 689 501 ferebant,
700 448 750 484 non
761 433 835 499 regio
845 432 980 504 imperio,
991 437 1037 488 sed

112 503 216 570 legibus
235 502 405 622 moribusque
424 502 514 570 patriis
535 502 588 569 regi
608 502 714 569 assueti,
734 502 902 570 prohibuere
924 503 1035 574 finibus,

111 573 200 624 omnia
224 571 311 640 potius
331 572 471 638 toeraturi,
493 587 573 639 quam
598 585 771 639 purgamenta
790 571 937 639 quondam
963 575 1037 629 urhis

112 658 185 710 suae,
200 651 262 693 tunc
274 640 355 693 etiam
368 641 459 709 errilii,2
470 640 650 692 admitterent.

146 716 172 763 8.
192 709 351 778 Alexander,
365 709 510 762 senioribus
529 710 641 761 militum
660 708 686 761 iu
705 708 815 777 patriam
830 711 971 780 remissis,
985 721 1037 766 tre·

111 778 199 832 decim
221 779 295 831 milia
314 778 435 858 peditum
458 789 485 830 et
508 777 561 831 duo
585 778 658 831 milia
676 779 803 847 equitnm,
822 795 899 846 quae
920 783 951 835 in
971 785 1037 835 Asia

113 851 244 917 retineret,
257 848 321 917 eligi
338 847 415 917 jussit
443 848 606 916 existimans,
625 847 730 900 modico
748 849 872 900 exercitu
892 853 1037 904 continere

113 935 190 989 posse
203 919 296 971 Asiam
320 918 383 986 quia
397 888 516 987 pluribus
534 917 598 969 locis
615 917 746 986 praesidia
764 917 970 990 disposuisset,
990 940 1036 975 rru-

112 1003 212 1056 perque
235 957 354 1039 conditas
377 987 464 1056 urbes,
484 1003 552 1055 quas
575 987 674 1039 colonis
696 985 835 1055 replesset,
858 1005 903 1039 res
923 992 1036 1043 novare³

112 1057 281 1126 cupientibus
303 1056 407 1109 obstare
431 1056 565 1109 credebat.
609 1057 733 1109 Cetemm
756 1057 920 1125 priusquam
947 1077 1033 1112 secer-

113 1135 196 1194 neret,
221 1143 287 1195 quos
310 1136 366 1178 erat
390 1134 545 1194 retentums,
570 1125 659 1194 edixit,
683 1135 712 1178 ut
735 1141 829 1177 omues
854 1127 966 1182 milites
988 1147 1033 1182 aes

112 1196 228 1248 alienum
247 1195 437 1264 profiterentur.
474 1196 561 1247 Grave
579 1195 710 1264 plerisque
728 1211 789 1246 esse
807 1209 995 1268 compererat,
1007 1209 1032 1253 et

112 1282 193 1335 quarn
214 1282 275 1318 uaru
294 1266 410 1334 ipsorum
429 1264 493 1318 luxu
512 1273 675 1317 contractum
691 1273 754 1332 erat,
768 1262 919 1323 dissolvere
941 1277 1030 1322 tamen

113 1335 170 1404 ipse
193 1283 355 1387 decreverat.
391 1334 440 1402 llli,
462 1334 585 1403 temptari
608 1334 679 1403 ipsos
702 1335 748 1386 rati
782 1350 835 1402 quo
860 1334 976 1391 facilius
998 1339 1030 1392 ab

113 1404 234 1472 integris⁴
251 1413 417 1472 sumptuosos
434 1403 603 1472 discerneret,
621 1373 773 1472 prolatando
791 1403 969 1472 aliquantum
987 1426 1029 1462 ex·

113 1481 244 1524 traxerant
267 1474 399 1540 temporis.
436 1473 470 1525 ttt
493 1489 540 1525 rex
563 1473 627 1543 satis
649 1489 753 1542 gnarus,
774 1473 937 1542 professioni
963 1478 1028 1530 aeris

112 1541 248 1619 pudorem,
262 1557 311 1592 non
325 1541 519 1593 contumaciam
537 1542 649 1610 obstare,
662 1559 770 1595 mensas
781 1542 843 1594 totis
857 1546 957 1598 castris
969 1548 1027 1616 poni

111 1609 195 1678 jussit,
208 1619 235 1662 et
248 1608 343 1662 decem
361 1609 435 1676 milia
453 1610 583 1662 talentum
601 1610 718 1680 proferri.
753 1612 824 1664 Turn
840 1611 960 1668 demum
976 1616 1027 1669 fide

112 1678 182 1730 facta
195 1677 303 1748 professi
316 1688 383 1747 sunt,
397 1695 448 1731 neo
459 1678 575 1748 amplius
593 1697 626 1732 ex
644 1689 717 1734 tanta
734 1681 849 1750 pecunia
868 1701 954 1752 quarn
967 1703 1026 1739 oen·

113 1758 168 1801 tum
189 1760 214 1800 et
233 1748 338 1817 triginta
355 1747 456 1801 talenta
473 1748 636 1818 superfuere.
671 1749 754 1811 Adeo
767 1750 813 1802 ille
831 1755 978 1824 exercitus,
991 1764 1025 1808 tot

113 1817 302 1871 ditissimorum
327 1818 447 1887 gentium
470 1819 561 1889 victor,
585 1819 645 1888 plus
669 1828 759 1873 tamen
781 1819 920 1894 victoriae,
947 1841 1025 1894 quam

112 1888 233 1958 praedae,
247 1886 394 1957 deportavit
403 1886 439 1940 'ex
451 1888 524 1941 Asia.

148 1963 172 2009 9.
192 1959 316 2010 Ceterum
336 1966 363 2010 ut
383 1958 516 2025 cognitum
536 1965 585 2026 est,
598 1958 664 2010 alios
675 1958 772 2012 remitti
790 1959 893 2030 dumos,
908 1961 977 2015 alios
990 1981 1025 2015 re·

114 2028 196 2095 tineri,
211 2037 364 2096 perpetuam
384 2045 445 2080 eum
465 2029 538 2096 regni
558 2029 650 2081 sedem
669 2029 696 2080 in
715 2029 779 2081 Asia
797 2028 955 2085 habiturum
971 2033 1024 2101 rati,

114 2096 240 2148 vecordes
258 2105 285 2148 et
304 2096 459 2166 disciplinae
477 2097 598 2149 militaris
615 2098 792 2165 immemores,
807 2099 945 2154 seditiosis
958 2105 1025 2155 voci·

113 2165 162 2217 bus
180 2175 266 2216 castra
284 2165 425 2234 complent,
446 2182 590 2234 regemque
611 2166 723 2218 ferocius
742 2184 823 2235 quam
843 2170 913 2222 alias
933 2173 1025 2240 adorti,

111 2251 205 2285 omnes
229 2233 309 2286 simul
332 2235 485 2287 missionem
509 2236 641 2304 postulare
661 2247 810 2306 coeperunt,
830 2238 967 2294 deformia
984 2259 1027 2294 ora

112 2303 280 2355 cicatricibus
288 2304 467 2372 canitiemque
480 2305 596 2373 capitum
611 2312 782 2357 ostentantes.
818 2308 878 2360 Neo
891 2320 938 2362 aut
953 2329 1027 2380 prae-

112 2373 240 2425 fectorum
259 2373 439 2442 castigatione,
453 2383 498 2426 ant
511 2374 671 2426 verecundia
690 2376 769 2443 regis⁵
786 2374 915 2446 deterriti,
931 2381 1027 2433 tumul·

114 2452 190 2495 tunso
203 2443 318 2495 clamore
331 2451 356 2495 et
370 2440 478 2495 militari
490 2443 615 2496 violentia
628 2445 760 2496 volentem
775 2445 845 2514 loqui
859 2447 1028 2519 inhibebant,

112 2513 200 2582 palam
214 2511 331 2582 professi,
346 2530 476 2582 nusquam
489 2512 558 2580 inde,
572 2514 621 2565 nisi
635 2514 662 2564 in
675 2514 793 2583 patriam,
808 2518 955 2584 vestigium
969 2537 1029 2572 esse

112 2591 235 2634 moturos.
271 2582 393 2634 Tandem
417 2582 520 2634 silentio
544 2583 621 2651 facto,
641 2584 727 2651 magis
750 2585 811 2654 quia
835 2597 941 2640 motum
969 2607 1028 2641 esse

111 2651 262 2719 credebant,
277 2669 355 2720 quam
369 2651 431 2720 quia
449 2652 497 2720 ipsi
516 2652 616 2704 moveri
635 2661 762 2722 poterant,
775 2654 907 2722 quidnam
919 2667 1029 2712 acturus

112 2728 190 2788 esset,
205 2721 391 2789 expectabant.
427 2720 482 2790 Ille,
502 2721 570 2778 Quid
591 2721 665 2790 haec,
685 2723 776 2790 inquit,
794 2740 891 2792 repens
910 2739 1029 2780 conster-

111 2789 202 2857 natio,⁸
214 2800 240 2840 et
254 2797 307 2842 tam
320 2808 417 2859 procax
428 2801 508 2859 atque
521 2790 607 2843 effusa
619 2791 725 2844 licentia
737 2793 893 2846 denuntiat?
931 2797 1029 2867 Eloqui

143 2949 214 2997 ¹'rhe
233 2951 386 3010 subjunctive
407 2968 535 3012 expresses
556 2953 612 3000 here
629 2969 642 3000 a
658 2955 801 3010 restrictiun‚
819 2956 867 3004 and
885 2973 924 3006 we
946 2962 1028 3022 might

110 3011 171 3059 have
183 3008 229 3056 had
240 3026 300 3069 quoe
309 3013 408 3069 quidem.
441 3013 488 3060 See
502 3013 581 3059 Grom.
594 3013 668 3067 tatio,
682 3017 704 3069 3,
717 3025 774 3060 note
785 3018 806 3061 2.

139 3068 231 3115 '‘The
252 3068 419 3130 offscourings,
440 3071 553 3130 formerly
572 3071 599 3118 of
614 3072 721 3128 Athens,
742 3089 797 3120 now
816 3089 878 3121 even
898 3076 928 3123 of
943 3080 1028 3128 exile!

111 3127 173 3175 This
186 3128 280 3186 implies
292 3127 343 3174 that
355 3129 395 3175 the
406 3131 486 3178 better
496 3141 548 3189 part.
559 3130 589 3177 of
600 3130 642 3178 the
658 3132 735 3180 exiles
750 3132 797 3180 had
811 3132 913 3196 already
923 3139 1027 3195 settled,

110 3187 156 3235 und
168 3187 240 3234 found
252 3187 336 3234 humes
348 3187 371 3233 in
383 3188 452 3235 other
463 3190 593 3238 countries.

140 3246 206 3294 ’Res
218 3264 291 3294 novoe
301 3261 340 3292 are
355 3247 546 3309 ‘revolutionary
557 3250 725 3297 movements.'

139 3311 147 3333 ⁴
160 3305 236 3352 ‘Free
247 3306 306 3353 frum
319 3305 392 3352 debt.’

139 3371 147 3396 ⁸
159 3363 314 3414 ‘Reverence
325 3364 361 3412 for
372 3362 414 3412 the
424 3363 468 3412 hin
488 3365 499 3413 .’
527 3355 530 3360 ’

132 3432 141 3458 ⁶
154 3426 235 3477 ‘Loss
247 3426 278 3478 of
290 3381 500 3483 aelf-command?
517 3425 587 3474 often
594 3423 732 3480 neemias
744 3426 824 3482 juror,
832 3426 860 3471 oi
870 3433 1005 3489 amatae.
