2274 3772
136 158 190 214 lea
400 175 439 213 mr
462 174 567 213 oesrts
590 175 773 214 aaaxsuom.

133 283 215 335 dones
227 283 366 351 Ariosque.
402 282 549 350 Transfuga
568 283 750 335 Satibarzanes
767 281 885 334 barbaris
902 292 1045 350 praeerat:

133 352 179 421 qui
203 369 263 405 cum
287 369 403 421 pugnam
429 369 538 419 segnem
566 353 697 420 utrimque
725 351 818 419 aequis
841 351 941 403 viribus
970 362 1045 407 stare

132 422 249 488 vidisset,
264 420 289 472 iu
302 424 399 490 primos
416 421 521 474 ordines
539 420 710 490 adequitavit,
723 420 885 489 demptaque
902 421 992 491 galea,
1006 423 1045 476 in·

132 489 222 542 bibitis
244 490 289 558 qui
314 489 367 542 tela
388 490 528 560 jaciebant,
549 491 570 543 si
595 492 653 560 quis
676 490 773 541 viritim
797 489 925 541 dimicare
950 491 1044 564 vellet,

132 559 280 627 provocavit
298 559 332 611 ad
346 576 477 638 pugnam5
497 559 594 612 nudum
614 577 643 612 se
661 568 740 627 caput
759 559 785 610 in
803 558 947 610 certamine
966 559 1045 615 habi·

131 639 227 680 turum.
263 629 322 682 Non
347 627 405 681 ruht
429 628 554 681 ferociam
579 628 681 682 barbari
704 627 780 679 ducis
800 627 931 698 Erigyius,
951 632 1046 696 gravis

131 698 238 764 quidem
256 699 362 766 aetate,¹
386 698 478 751 sedet
497 698 578 751 animi
597 707 623 749 et
642 696 756 766 corporis
774 696 864 748 robore
884 697 947 749 nulli
965 697 1045 767 juve·

131 784 194 819 uum
217 765 410 836 postferendos.
457 767 483 820 Is
505 767 582 835 galea
612 767 720 834 dempta
746 767 871 818 canitiem
894 774 1045 837 ostentans,

131 837 216 904 Venit,
230 836 322 905 inquit,
334 836 400 904 dies,
419 852 471 905 quo
487 845 533 889 aut
552 837 666 904 victoria,
678 843 724 887 aut
742 843 825 887 morte
844 834 1045 908 honestissima,

130 905 223 973 quales
235 906 346 958 amicos²
357 914 384 957 et
401 906 499 958 milites
511 904 663 959 Alexander
678 903 782 972 habeat,
796 904 943 956 ostendam.
981 907 1046 960 Neo

130 973 205 1042 plura
217 975 337 1027 elocutus
350 991 449 1043 equum
462 975 486 1028 io
500 975 603 1028 hostem
616 975 679 1043 egit.
715 974 853 1026 Crederes³
869 973 1045 1045 imperatum,

129 1054 157 1095 ut
169 1044 241 1096 acies
253 1053 379 1113 utraeque
392 1045 445 1098 tela
454 1045 616 1098 cohiberent.
652 1043 773 1096 Protinus
782 1051 853 1094 certe
864 1053 1045 1116 recesserunt,

129 1112 191 1164 dato
213 1113 296 1167 libero
317 1115 409 1184 spatio,
430 1114 524 1167 intenti
545 1113 571 1166 iu
592 1121 727 1182 eventum,
747 1129 798 1164 non
819 1111 930 1164 duorum
952 1113 1046 1185 modo,

129 1181 174 1233 sed
200 1183 282 1235 etiam
305 1200 369 1235 suae
392 1185 476 1252 sortis,
498 1181 595 1252 quippe
615 1180 731 1233 alienum
752 1181 891 1232 discrimen
913 1183 1046 1236 secuturi.

130 1251 199 1303 Prior
212 1252 338 1305 barbarus
350 1254 438 1306 emisit
457 1252 568 1319 hastam,
582 1268 662 1321 quam
682 1250 805 1320 Erigyius
822 1249 926 1302 modica
944 1253 1047 1321 capitis

129 1319 303 1374 declinatione
322 1323 422 1391 vitavit,
441 1330 520 1390 atque
540 1321 597 1390 ipse
615 1319 739 1384 intestam
757 1320 886 1388 sarissam,
899 1336 968 1388 equo
988 1322 1047 1375 cal·

129 1390 234 1443 caribus
254 1391 364 1459 concito,
386 1391 412 1443 in
433 1390 520 1445 medio
540 1390 644 1443 barbari
663 1390 780 1457 gutture⁴
800 1389 835 1441 ita
855 1388 917 1457 fixit,
939 1397 969 1441 ut
995 1407 1048 1460 per

129 1461 261 1512 cervicem
280 1459 419 1512 emineret.
456 1458 647 1528 Praecipitatus
663 1475 696 1510 ex
709 1474 777 1526 equo
795 1458 922 1510 barbarus
940 1458 1049 1514 adbuo⁵

129 1536 219 1579 tamen
244 1527 413 1597 repugnabat.
450 1527 501 1580 Sed
525 1527 568 1579 ille
593 1536 738 1581 extractam
762 1544 777 1578 e
801 1527 909 1580 vulnere
933 1526 1047 1584 hastam

129 1613 216 1648 rursus
240 1596 265 1648 in
289 1613 318 1647 os
344 1595 440 1664 dirigit.
488 1596 671 1649 Satibarzanes
694 1613 775 1649 manu
798 1596 961 1666 complexus,
988 1615 1047 1668 quo

128 1666 256 1718 maturius
276 1664 402 1735 interiret,
424 1667 506 1719 ictum
527 1665 609 1719 hostis
628 1665 738 1736 adjuvit.
776 1666 810 1718 Et
834 1666 944 1734 barbari,
967 1665 1046 1722 duee

127 1735 224 1787 amisso
244 1752 325 1804 quem
346 1735 432 1804 magis
451 1735 610 1788 necessitate
633 1752 714 1805 quam
738 1743 830 1803 sponte
848 1734 935 1787 secuti
954 1748 1066 1808 erant,

128 1813 190 1856 tunc
211 1803 280 1858 haud
301 1805 472 1858 immemores
490 1805 651 1857 meritorum⁴
663 1804 816 1872 Alexandri,
837 1821 911 1856 arma
931 1805 1046 1877 Erigyio

127 1873 248 1926 tradunt·
276 1875 332 1928 Rex
344 1874 386 1927 his
405 1874 514 1943 quidem
533 1874 625 1942 laetus,
639 1873 673 1926 de
685 1874 818 1943 Spartanis
830 1873 1045 1944 haudquaquam

127 1960 242 2012 securus,
255 1961 353 2013 magno
366 1952 454 1996 tamen
473 1944 561 1998 animo
580 1944 727 1998 delectum⁶
745 1960 837 1996 eorum
855 1943 921 2011 tulit,
935 1943 1043 2016 dicens,

127 2029 175 2063 nou
195 2023 256 2064 ante
273 2030 351 2066 ausos
369 2013 479 2065 consilia
498 2012 605 2082 nudare,
636 2030 699 2067 uam
717 2013 802 2082 ipsum
817 2013 928 2066 adfines
947 2013 1045 2068 Indiae

127 2082 279 2148 pervenisse
302 2082 495 2149 cognovissent.
543 2083 603 2151 Ipse
649 2100 739 2134 essum
762 2099 924 2150 persequens
947 2083 1045 2152 copias

126 2150 221 2202 movit:
241 2151 284 2202 oui
298 2151 422 2219 Erigyius
433 2151 537 2204 barbari
550 2160 636 2220 caput,
650 2152 769 2221 opimum
782 2151 847 2203 belli
859 2150 949 2220 decus,
963 2169 1044 2221 prae·

127 2219 214 2271 terens
226 2220 347 2271 occurrit.

161 2292 201 2339 20.
220 2288 301 2356 lgitur
319 2287 515 2341 Bactrianorum
536 2288 640 2356 regione
653 2289 785 2342 Artabazo
804 2289 907 2358 tradita,
920 2290 1044 2346 sarcinas

126 2368 151 2410 et
163 2358 356 2427 impedimenta
369 2357 405 2410 ibi
418 2374 479 2410 curn
498 2358 628 2427 praesidio
648 2359 762 2427 reliquit.
798 2360 858 2428 lpse
876 2376 937 2411 cum
958 2378 1043 2430 expe-

124 2429 178 2480 dito
209 2428 316 2496 agmine
344 2427 402 2479 loca
429 2427 535 2479 deserta
562 2427 761 2495 Sogdianorum⁷
790 2428 878 2498 intrat,
909 2438 1043 2483 nocturno

902 2517 1034 2526 Μ.

154 2518 161 2575 t
174 2549 207 2594 ‘A
219 2564 274 2596 man
285 2547 340 2595 well
352 2564 384 2606 up
396 2548 419 2594 in
422 2527 517 2654 pestes
551 2547 606 2594 The
617 2548 759 2606 expression
769 2549 790 2596 is
801 2549 934 2597 somewhat
952 2523 1041 2600 indoti-

439 2623 445 2653 t

124 2607 182 2660 nite,
194 2608 237 2654 but
246 2610 263 2655 it
273 2607 389 2666 probably
397 2607 420 2654 in

125 2681 193 2724 years
205 2666 231 2712 of
243 2682 295 2726 age.
331 2726 335 2734 Ι

152 2723 878 2843 3ltttttttttltt‘.l3t.ttt¹“ttrtttst‘t⁸sn‚..a

153 2848 161 2869 ⁶
173 2840 194 2887 lt
207 2842 284 2901 might
296 2842 347 2889 also
359 2843 419 2889 have
431 2844 492 2889 been
504 2845 528 2890 in
540 2846 640 2891 mediam
648 2853 742 2904 guttur.

154 2909 162 2932 ⁵
173 2900 288 2959 Properly
299 2917 373 2964 usquc
383 2917 444 2949 eaor
455 2904 580 2950 etiannum.
613 2903 659 2949 See
672 2903 770 2963 Zumpt,
782 2904 796 2955 i
807 2908 858 2952 292.

152 2967 161 2990 ⁶
173 2961 227 3007 The
239 2975 304 3007 more
316 2960 426 3020 ordinary
437 2960 498 3008 form
511 2961 590 3008 would
601 2962 661 3008 have
673 2963 734 3009 been
750 2965 906 3023 desectionem,
920 2980 946 3011 as
958 2965 983 3012 iu
995 2965 1040 3014 tho

447 2617 513 2654 cates
522 2607 573 2654 that
583 2607 697 2668 Erigyius
706 2623 756 2654 was
767 2623 781 2654 a
790 2623 845 2655 man
854 2607 881 2655 of
887 2610 961 2657 about
970 2610 1043 2672 sixty

39 3048 43 3058 ·
124 3021 175 3068 tirsi
187 3030 301 3066 sentence
313 3018 340 3066 of
352 3019 400 3066 this
412 3021 522 3078 chapter;
541 3023 583 3068 but
595 3036 636 3068 see
648 3021 728 3068 Grom.
740 3022 754 3073 l
765 3027 817 3077 203,
828 3025 850 3076 3,
863 3025 886 3069 4.

153 3085 161 3106 ¹
173 3079 234 3126 This
242 3078 321 3125 desert
329 3079 413 3136 begins
420 3081 491 3126 about
502 3081 538 3126 six
548 3080 716 3140 geographicnl
723 3082 793 3129 miles
801 3093 826 3128 to
833 3082 873 3128 the
881 3081 950 3129 north
960 3082 989 3130 ol
993 3083 1038 3132 the

125 3139 224 3187 modern
233 3136 322 3191 Balkh,
335 3137 382 3184 and
393 3138 494 3185 extends
506 3139 642 3186 northward
654 3140 730 3188 rothe
744 3140 821 3188 Orus.
849 3141 864 3188 J
867 3141 957 3200 udging
973 3141 1038 3192 from

124 3199 164 3246 the
177 3214 246 3246 name
257 3197 281 3243 in
292 3211 335 3243 our
346 3206 406 3250 text,
421 3197 520 3244 Curtius
531 3213 631 3256 appears
648 3208 673 3245 to
685 3198 779 3247 include
791 3200 832 3246 the
844 3200 923 3248 desert
936 3200 961 3247 iu
972 3201 1037 3256 Sog-

124 3257 201 3311 diano,
216 3255 307 3316 though
319 3255 359 3302 the
373 3255 442 3305 Oxus
460 3256 480 3304 is
497 3257 591 3316 usually
603 3257 724 3306 rechoned
735 3259 775 3305 the
788 3259 900 3319 boundar¹
943 3307 946 3311 ,

124 3316 252 3363 Bactriana
260 3315 306 3363 ond
316 3314 444 3374 Sogdiana.
461 3316 499 3363 As
506 3326 530 3362 to
537 3316 577 3364 the
586 3317 758 3376 night-march,
768 3332 805 3364 we
813 3328 877 3366 must
885 3335 905 3367 u:

117 3375 170 3424 that
186 3377 228 3424 the
244 3391 314 3436 army
329 3385 368 3424 set
384 3385 425 3425 out
441 3375 548 3424 towards
563 3376 676 3436 eaening¹
686 3376 735 3424 and
747 3376 863 3424 marched
877 3377 912 3424 tib·

109 3435 182 3484 when
194 3436 238 3486 the
248 3437 308 3488 beat
322 3438 438 3488 becomes
450 3447 546 3500 strong.
