2274 3772
488 187 579 228 arana
597 190 629 229 x.
960 173 1015 229 ³01

111 296 189 350 beros
200 296 327 350 eminens.
364 298 455 350 Genus
472 295 587 349 ducebat
604 314 621 348 a
638 298 713 368 Cyro,
726 297 860 367 quondam
878 313 940 364 rege
958 297 1018 350 Per·

111 382 217 419 sarum:
236 383 300 435 opes
315 375 342 419 et
360 383 377 418 a
396 366 539 435 majoribus
557 367 664 420 traditas
682 366 804 435 habebat,
818 375 846 418 et
864 365 922 434 ipse
941 366 1019 436 longa

112 436 223 505 imperii¹
236 437 400 506 possessione
413 434 601 488 cumulaverat.
637 436 663 488 Is
676 437 729 504 regi
741 453 802 488 cunr
817 437 903 489 omnis
913 435 1020 503 generis

111 505 194 573 donis,
208 523 258 557 non
279 506 328 573 ipsi
347 505 477 570 medusa,
491 504 537 556 sed
557 505 637 558 etiam
656 507 751 558 amicis
768 505 827 575 ejus
845 506 961 572 daturus,
975 523 1018 559 oc·

112 576 198 627 currit.
244 576 379 643 Equorum
407 574 497 626 domiti
532 591 627 642 greges
661 576 846 644 sequebantur,
876 592 1019 644 currusque

112 656 220 713 argento
250 653 277 696 et
312 661 375 696 auro
404 644 530 708 adornati,
561 644 674 712 pretiosa
703 644 830 713 supellex,
861 654 887 696 et
916 644 1020 697 nobiles

111 731 244 782 gemmae,
264 730 345 766 aurea
363 714 451 779 magni
471 712 594 782 ponderis
612 731 682 782 vasa,
702 725 844 783 vestesque
863 730 1018 783 purpureae,

106 792 139 835 et
152 784 247 850 signati
266 783 368 850 argenti
387 783 516 834 talentum
529 783 575 834 tria
589 783 670 835 milia.
706 784 830 837 Ceterum
843 793 917 836 tauta
928 783 1019 851 benig·
1103 783 1110 795 ⁸

114 853 182 904 nitas
201 850 311 904 brirbaro
331 869 413 904 causa
433 852 523 904 mortis
541 851 598 904 luit.
634 854 705 905 Nam
722 870 785 905 cum
805 869 898 905 omnes
919 855 1021 905 amicos

113 923 182 989 regis
200 922 275 973 donis
293 939 371 990 super
384 923 498 991 ipsorum
511 931 572 973 vota
584 921 715 991 coluisset,
729 923 832 989 Bagoae
845 922 961 990 spadoni,
975 922 1020 991 qui

113 991 295 1043 Alexandrum
313 991 439 1059 obsequio
456 992 570 1059 corporis
581 991 736 1043 devinxerat
754 991 814 1060 sibi,
828 991 928 1044 nullum
942 991 1021 1044 hono-

114 1077 169 1112 rem
188 1060 288 1112 habuit.
325 1060 537 1128 Admonitusque
554 1077 571 1111 a
589 1060 756 1131 quibusdam,
773 1078 855 1130 quam
870 1060 1021 1114 Alexandro

113 1130 184 1181 cordi
197 1139 276 1198 esset,
290 1130 430 1198 respondit,
444 1130 544 1199 amicos
557 1131 632 1198 regis,
645 1148 696 1183 nou
715 1140 799 1184 scorta
816 1147 846 1182 se
863 1131 957 1198 colere,
972 1148 1021 1184 nec

113 1200 194 1252 moris
212 1217 271 1250 esse
292 1199 386 1266 Persis,
400 1214 487 1252 mares
505 1199 610 1269 ducere,
624 1201 670 1268 qui
689 1210 777 1270 stupro
795 1199 1020 1253 effeminarentur.

114 1268 161 1320 His
177 1268 275 1321 auditis
292 1268 372 1335 spado
390 1269 542 1337 potentiam,
557 1269 656 1337 flagitio
674 1277 701 1321 et
719 1270 850 1323 dedecore
863 1271 1019 1339 quaesitam,

103 1334 139 1390 'in
161 1347 239 1406 caput
262 1337 419 1391 nobilissimi
442 1346 468 1390 et
492 1338 603 1390 insontis
626 1340 752 1391 exercuit.
788 1340 912 1406 Namque
936 1339 1023 1406 gentis

114 1406 238 1476 ejusdem
256 1406 403 1460 levissimos
415 1407 489 1460 falsis
507 1407 662 1460 criminibus
679 1408 828 1477 adstruxit,²
840 1409 953 1459 monitos
965 1418 1022 1462 tum

113 1475 222 1530 demum
235 1494 267 1528 ea
279 1475 390 1543 deferre,
404 1494 464 1529 cum
478 1479 534 1547 ipse
545 1476 673 1546 jussisset.
711 1478 816 1530 Interim
830 1477 952 1546 quotiens
964 1479 1021 1531 sine

112 1546 217 1598 arbitris
243 1555 306 1614 erat,
334 1546 456 1599 credulas
485 1547 556 1615 regis
585 1564 664 1599 aures
686 1547 822 1616 implebat,
850 1546 1023 1600 dissimulans

112 1632 219 1668 causam
240 1616 300 1683 irae,
314 1632 366 1684 quo
383 1616 486 1683 gravior
497 1617 660 1669 criminantis
677 1618 818 1670 auctoritas
835 1626 914 1669 esset.
951 1618 1022 1671 Nou·

112 1683 178 1738 dum
196 1695 335 1753 suspectus
353 1685 539 1754 erat-Orsines,
552 1685 609 1754 jam
627 1695 717 1740 tamen
731 1686 826 1739 vilior.a
860 1687 932 1739 Reus
950 1687 1022 1739 enim

112 1753 139 1805 in
162 1764 264 1806 secreto
287 1754 434 1822 agebatur,⁴
458 1755 564 1807 latentis
588 1755 699 1824 periculi
728 1756 850 1823 ignarus:
877 1766 903 1806 et
928 1755 1022 1835 impor-

112 1824 282 1875 tunissimum
291 1832 414 1891 scortum,
423 1841 457 1875 ne
470 1824 497 1877 in
509 1834 598 1892 stupro
609 1823 718 1892 quidem
731 1834 758 1877 et
770 1824 909 1876 dedecoris
920 1834 1021 1892 patren-

113 1892 149 1942 tia
161 1892 261 1944 fraudis
272 1891 392 1959 oblitum,
405 1894 527 1959 quotiens
545 1908 664 1944 amorem
682 1893 752 1960 regis
769 1893 796 1945 in
813 1910 841 1944 se
854 1893 1020 1962 accenderat,

112 1961 233 2012 Orsinem
246 1960 323 2012 modo
335 1960 468 2029 avaritiae,
478 1960 610 2012 interdum
619 1962 699 2013 etiam
709 1961 874 2029 delectionis,
885 1962 1020 2028 arguebat.

147 2034 172 2081 5.
191 2031 250 2094 Jam
264 2038 368 2081 matura
380 2038 454 2081 erant
465 2030 491 2080 in
504 2030 651 2098 perniciem
669 2030 816 2082 innocentis
832 2031 981 2101 mendacia,
994 2040 1022 2084 et

113 2097 205 2164 latum,
219 2097 296 2167 cujus
314 2097 472 2150 inevitabilis
489 2115 544 2151 sors
556 2107 605 2167 est,
618 2099 770 2168 appetebat.
805 2099 883 2152 Forte
896 2100 969 2153 enim
981 2117 1022 2154 se·

112 2167 233 2236 pulcrum
246 2167 307 2235 Cyri
319 2167 470 2220 Alexander
487 2166 565 2235 jussit
583 2169 686 2238 aperiri,
699 2169 725 2221 in
741 2185 793 2238 quo
811 2177 866 2221 erat
884 2170 1021 2225 conditum

112 2237 172 2356 equs
185 2254 287 2305 corpus,
301 2237 344 2288 oui
361 2236 424 2288 (lare
437 2237 542 2290 volebat
561 2237 677 2290 inferias.
714 2241 784 2291 Auro
802 2249 963 2307 argentoque
982 2256 1021 2292 re·

112 2315 212 2374 petum
226 2323 285 2358 esse
297 2305 453 2374 crediderat,
467 2307 566 2376 quippe
584 2308 621 2359 ita
638 2307 712 2360 sama
724 2308 820 2360 Persae
833 2307 1022 2377 vulgaverant,

112 2374 160 2427 sed
172 2384 275 2443 praeter
287 2374 403 2442 clipeum
416 2376 475 2443 ejus
492 2384 596 2445 putrem
616 2385 642 2428 et
660 2394 737 2429 arcus
755 2377 821 2428 duos
838 2377 976 2445 Scythicos
993 2387 1021 2430 et

111 2444 248 2496 acinacem
273 2444 337 2496 nihil
361 2447 483 2513 repperit.
528 2445 652 2497 Ceterum
675 2463 770 2498 corona
793 2461 874 2497 aurea
898 2445 1021 2513 imposita

111 2513 235 2581 amiculo,
255 2514 297 2565 cui
318 2522 437 2566 assuerat
457 2515 521 2583 ipse,
543 2514 657 2583 solium,⁵
675 2515 701 2567 in
722 2531 774 2583 quo
794 2530 887 2582 corpus
906 2513 1019 2586 jacebat,

112 2583 217 2650 velavit,
228 2583 345 2651 miratus,
356 2583 419 2635 tenti
434 2583 546 2635 nominis
556 2600 654 2652 regem,
665 2584 745 2636 tantia
757 2583 905 2652 praeditum
917 2600 932 2634 o
953 2583 1019 2655 ibus,

112 2651 183 2704 haud
196 2653 334 2720 pretiosius
343 2652 476 2720 sepultum
485 2670 552 2721 esse,
562 2669 644 2722 quam
656 2653 677 2705 si
691 2653 783 2705 fuisset
793 2669 808 2704 e
818 2652 905 2721 plebe.
931 2601 1020 2707 hrosi·

111 2739 172 2774 mus
183 2730 239 2774 erat
252 2721 325 2774 lateri
339 2721 427 2790 spado,
437 2722 481 2790 qui
494 2738 584 2789 regem
599 2722 712 2790 intuens,
726 2721 796 2780 Quid
809 2722 913 2791 mirum,
926 2722 1018 2793 inquit,

140 2845 146 2867 ¹
159 2839 275 2898 Properly
286 2839 316 2886 he
331 2839 370 2886 did
387 2849 428 2886 not
444 2854 542 2897 possess
558 2839 599 2886 the
611 2840 741 2900 imperium,
754 2840 798 2886 but
809 2838 866 2898 only
877 2855 891 2886 a
903 2849 1017 2901 potestne,

112 2900 268 2961 praefectura.
301 2897 434 2960 Imperium.
453 2898 574 2953 however,
592 2899 613 2945 is
629 2898 769 2945 sometimes
785 2899 846 2946 used
864 2898 888 2946 in
908 2899 948 2947 the
964 2914 1018 2950 nar·

109 2973 187 3006 rower
197 2972 268 3005 sense
279 2956 307 3004 ol'
314 2972 328 3004 a
338 2957 492 3005 subordinate
505 2956 641 3004 command.

137 3015 302 3074 ²Equivalem
311 3025 336 3063 to
344 3018 477 3070 adornavit,
488 3017 613 3071 instruxit,
627 3014 783 3071 ‘lurnished‚'
796 3016 923 3075 ‘provided
933 3015 1017 3064 them!

110 3075 238 3183 'I'llpelrepb
255 3078 382 3122 subornare
399 3074 478 3123 would
496 3074 557 3122 have
574 3074 767 3133 comprehended
785 3074 826 3122 the
846 3090 917 3123 sense
933 3075 962 3123 of
976 3074 1018 3124 the

109 3149 131 3181 w
149 3148 288 3182 oecause.

137 3199 146 3222 ³
158 3199 164 3220 ⁴
175 3193 226 3240 Not
237 3209 265 3240 so
276 3192 361 3252 highly
371 3193 511 3241 esteemed’

136 3258 145 3280 ⁴
158 3252 210 3299 ‘He
223 3268 273 3299 was
284 3252 403 3300 rrccused.¹
429 3251 495 3300 Reus
506 3252 527 3300 is
540 3256 586 3301 ‘an
596 3259 699 3301 accused
709 3267 797 3312 person
807 3253 823 3308 ;’
836 3268 905 3313 agere
913 3268 1016 3311 muron,

108 3329 163 3367 rem,
179 3318 218 3358 ‘to
229 3311 299 3372 bring
310 3327 324 3358 a
334 3326 389 3359 case
405 3321 430 3359 to
445 3310 517 3361 trial!
551 3311 602 3361 Out
613 3311 641 3360 ol
652 3312 702 3361 this
713 3311 755 3360 the
766 3310 908 3370 expression
916 3313 1018 3374 aliquare

73 3442 77 3447 .
108 3387 253 3478 repqugp
261 3371 282 3452 ip
293 3370 393 3419 formed.
