2274 3772
141 166 201 224 226
409 180 579 237 omassum
600 179 782 221 ammom.

140 290 279 359 concussit,
304 288 444 358 laudisque
473 297 501 342 et
530 288 633 358 sagittis
657 288 879 359 propugnantium
909 287 1050 358 plerosque

141 361 254 432 dejecit:
279 375 346 427 quos
366 359 411 412 ubi
430 357 564 427 dispersos
583 359 691 428 fugavit,
712 361 801 412 ruinas
823 357 1050 410 munimentorum

141 445 326 500 supergressus
342 427 376 480 ad
394 435 494 496 petram
513 427 630 480 admovit
643 429 797 481 exercitum.
834 427 958 480 Ceterum
971 427 1049 479 inter·

141 497 266 553 veniebat
285 496 389 566 fluvius,
408 496 565 549 coeuntibus
587 499 663 566 aquis
685 515 719 550 ex
742 496 873 566 superiore
894 495 999 564 fastigio
1022 495 1051 548 in

141 568 256 636 vallem3
275 566 419 635 magnique
438 565 526 635 operis
543 566 683 619 ridebatur
701 578 756 619 tam
774 575 876 619 vastam
895 567 1050 634 voraginem

140 637 256 708 explere.
293 635 375 689 Caedi
397 644 487 689 tamen
510 635 616 689 arbores
637 646 664 688 et
687 653 751 688 saxa
771 635 876 703 congeri
898 634 988 704 jussit:
1012 635 1050 687 in·

139 723 259 777 gensque
278 706 403 758 barbaros
424 721 512 774 pavor,
531 704 610 757 rudes
629 704 664 759 ad
685 705 747 757 talia
766 721 853 774 opera,
872 712 1049 774 concusserat,

140 777 282 830 excitatam
294 774 393 827 molem
406 774 493 827 subito
504 782 652 827 cernentes.

175 851 200 898 9.
219 846 312 913 ltaque
330 860 377 897 rex
394 843 430 896 ad
449 843 611 896 deditionem
629 851 703 897 metu
727 860 804 923 posse
824 842 948 913 compelli
970 850 1050 913 ratus,

140 916 254 970 Oxarten
275 912 348 980 misit
367 912 479 967 nationis
496 912 627 982 ejusdem,
646 913 693 966 sed
711 913 824 966 dicionis
841 930 913 979 suae,
927 912 971 981 qui
990 929 1050 964 sua-

140 985 216 1039 deret
227 982 296 1052 duci,
310 991 338 1035 ut
350 982 464 1035 traderet
475 991 586 1052 petram.
622 983 730 1037 Interim
748 981 782 1035 ad
800 981 949 1050 augendam
961 980 1050 1034 formi-

141 1053 235 1107 dinem
249 1062 282 1104 et
305 1061 390 1105 turres
412 1051 628 1120 admovebantur,
650 1061 677 1105 et
700 1069 812 1105 excussa
836 1052 972 1104 tormentis
996 1050 1051 1103 tela

140 1119 295 1177 micabant.¹
330 1122 421 1190 ltaque
433 1121 561 1174 verticem
574 1132 673 1190 petrae,
686 1121 757 1174 omni
768 1120 819 1173 alio
831 1120 962 1190 praesidio
974 1119 1050 1172 dam·

140 1192 229 1261 nato,⁹
258 1191 415 1260 petiverunt.
458 1194 494 1244 At
522 1191 633 1244 Oxartes
667 1191 797 1260 trepidum
828 1189 1050 1258 diffidentemque

141 1261 222 1315 rebus
241 1261 296 1313 suis
314 1258 501 1330 Sysimitltrem
521 1259 731 1340 coepitxhortari,
751 1268 779 1312 ut
796 1259 878 1313 fidem
897 1272 978 1328 quam
993 1260 1050 1312 vim

141 1329 321 1384 Macedonum
347 1328 440 1383 mallet
466 1329 587 1399 experirr,
611 1346 664 1383 neu
687 1338 832 1382 moraretur
852 1328 1049 1384 festinationem

141 1399 247 1452 victoris
267 1399 400 1452 exercitus
419 1398 445 1451 in
468 1398 572 1452 Indiam
593 1398 740 1451 tendentis:
762 1398 805 1450 cui
823 1397 943 1468 quisquis
962 1409 1051 1451 semet

140 1468 255 1536 offerret,
269 1467 294 1520 in
313 1484 390 1520 suum
408 1475 489 1536 caput
506 1467 620 1520 alienam
633 1466 749 1520 cladem³
760 1485 819 1520 esse
833 1484 977 1520 versurum.
1014 1467 1051 1520 Et

141 1537 199 1607 ipse
223 1535 332 1605 quidem
361 1535 533 1604 Sysimithres
557 1535 720 1590 deditionem
748 1536 899 1590 annuebat:
929 1546 1051 1590 ceterum

141 1613 227 1660 mater
249 1603 398 1673 eademque
423 1603 538 1674 conjunx
564 1605 716 1659 morituram
744 1615 774 1659 se'
797 1615 859 1658 ante
882 1605 1025 1659 denuntian

140 1690 220 1743 quam
250 1673 277 1726 in
306 1673 387 1726 ullius
408 1674 510 1727 veniret
538 1683 706 1744 potestatem,
730 1674 835 1728 barbari
864 1676 983 1728 animum
1013 1623 1050 1729 ad

140 1741 290 1796 honestiora
308 1759 389 1811 quam
413 1742 509 1795 tutiora
531 1751 702 1806 converterat,
727 1744 897 1813 pudebatque
920 1744 1052 1798 libertatis

140 1812 299 1882 majusesse
310 1811 516 1883 apudseminas,
529 1829 610 1882 quam
627 1812 699 1883 apud
710 1815 779 1866 viros
797 1813 919 1883 pretium.
956 1813 994 1866 lta
1014 1831 1051 1867 ue

139 1880 250 1934 dimisso
262 1881 420 1938 internuntio
437 1881 517 1951 pacis,
530 1882 693 1937 obsidionem
712 1883 780 1935 serre
799 1883 960 1935 decreverat.
1031 1883 1050 1938 d

139 1967 200 2004 oum
220 1950 385 2004 hostisvires
402 1967 517 2020 suasque
536 1962 664 2021 pensaret,
677 1968 766 2004 rursus
782 1952 918 2005 muliebris
935 1952 1050 2022 consilii,

139 2020 209 2089 quod
222 2037 350 2088 praeceps
361 2020 447 2088 magis
457 2037 539 2089 quam
551 2021 729 2075 necessarium
742 2039 801 2074 esse
814 2022 945 2090 credebat,
959 2022 1051 2090 poeni·

141 2097 196 2141 tere
208 2105 270 2141 eum
283 2089 386 2157 coepit:
405 2098 580 2158 revocatoque
597 2100 702 2144 strenue
720 2092 823 2159 Oxarte,
837 2089 953 2143 futurum
974 2109 1003 2143 se
1015 2092 1051 2145 tn

140 2157 209 2224 regis
229 2165 359 2224 potestate
380 2158 519 2227 respondit,
538 2174 621 2212 unum
641 2170 772 2228 precatus,
789 2177 823 2212 ne
838 2160 1001 2213 voluntatem
1021 2170 1051 2214 ct

140 2225 281 2278 consilium
300 2227 467 2278 matrissuae
480 2227 608 2296 proderet,
622 2246 674 2297 quo
686 2229 791 2282 facilius
802 2230 881 2282 venia
894 2229 929 2281 illi
943 2246 1051 2298 quoque

141 2293 334 2364 impetraretur.
371 2295 548 2349 Praemissum
561 2296 638 2364 igitur
649 2299 762 2351 Oxarten
775 2315 836 2352 cum
850 2307 934 2351 matre
947 2299 1051 2351 liberis·

158 2380 191 2416 ue
209 2373 237 2417 et
254 2365 332 2416 totius
349 2364 510 2432 cognationis
521 2383 601 2434 grege
614 2367 781 2436 sequebatur,
795 2385 828 2421 ne
841 2375 980 2436 expectato
992 2369 1051 2437 qui·

139 2381 203 2487 dem
227 2433 289 2486 fidei
312 2433 429 2503 pignore,
450 2434 519 2514 quod
543 2435 654 2488 Oxartes
676 2437 838 2506 promiserat.
874 2437 937 2505 Rex,
959 2437 1051 2506 equite

139 2503 291 2582 praemisso,
305 2504 350 2572 qui
370 2512 466 2556 tevertr
485 2520 531 2557 eos
553 2503 665 2574 juberet,
685 2505 850 2575 opperirique
869 2507 1052 2575 praesentiam

139 2573 230 2641 ipsius,
244 2573 394 2641 supervenit
402 2589 410 2641 3
428 2581 455 2625 et
466 2573 583 2626 victimis
601 2574 739 2635 Mineruae
757 2592 791 2627 ac
805 2575 936 2627 Victoriae
953 2576 1050 2645 caesis,

140 2639 283 2709 imperium
301 2641 451 2711 Sysimithri
470 2643 590 2712 restituit,
603 2660 651 2713 spe
669 2643 778 2713 majoris
795 2646 881 2697 etiam¹
896 2645 1050 2713 provinciae

139 2708 218 2774 sacta,
243 2710 264 2762 si
288 2727 350 2762 cum
374 2711 428 2764 fide
451 2712 595 2765 amicitiam
625 2713 707 2781 ipsius
735 2713 869 2766 coluisset.
913 2714 985 2767 Duos
1009 2712 1051 2768 illi

137 2775 251 2847 juvenes
262 2789 335 2846 patre
347 2780 474 2848 tradente,
489 2798 580 2834 secum
593 2782 749 2835 militaturos
761 2783 836 2851 sequi
848 2782 934 2852 jussit.

176 2851 215 2898 10.
233 2846 335 2900 Relicta
347 2848 443 2901 deinde
456 2849 588 2919 phalange
599 2851 633 2903 ad
646 2852 812 2919 subigendos,
826 2853 870 2921 qui
884 2851 1049 2922 defecerant,

137 2930 200 2968 oum
225 2916 314 2984 equite
337 2918 472 2986 processit.
515 2920 637 2972 Arduum
663 2930 689 2972 et
717 2920 876 2990 impeditum
903 2922 975 2974 saxis
998 2922 1051 2974 iter

137 2984 221 3054 ptimo
250 2994 385 3054 utcunque
415 2987 570 3041 tolerabant.
613 2988 679 3042 Mox
702 3007 829 3070 equorum
860 3008 910 3042 non
940 2991 1051 3059 ungulis

136 3054 215 3106 modo
232 3053 335 3122 attritis,
354 3055 401 3108 sed
422 3057 572 3125 corporibus
590 3059 671 3110 etiam
689 3057 812 3128 fatigatis,
832 3059 906 3129 sequi
926 3059 1050 3130 plerique

135 3138 187 3176 non
206 3131 334 3193 poterant,
353 3132 380 3176 et
398 3126 491 3178 rarius*
509 3126 622 3179 subinde
639 3144 735 3195 agmen
754 3129 843 3198 fiebat,
862 3129 999 3199 pudorem,
1018 3141 1051 3184 ut

164 3247 172 3271 ¹
185 3241 256 3289 ‘The
266 3240 332 3290 darts
344 3241 438 3289 throwu
450 3244 482 3301 by
494 3243 534 3290 tlre
545 3244 645 3304 anginas
661 3244 772 3305 gleamed
784 3245 874 3300 (before
885 3244 948 3294 their
959 3248 1047 3307 eyes).'

162 3305 173 3333 ⁸
182 3300 254 3361 They
265 3302 343 3350 threw
353 3299 419 3349 asida
430 3316 504 3361 every
514 3302 583 3351 other
593 3319 677 3352 means
685 3303 713 3351 of
719 3303 827 3361 deleme,
841 3321 867 3352 as
878 3304 971 3353 unsase.

154 3364 168 3390 e
177 3359 299 3424 ‘Foreign
307 3360 458 3412 destruction
466 3360 482 3421 ;’
494 3360 546 3410 that
553 3361 584 3420 is,
591 3361 634 3411 tlte
639 3362 788 3412 destruction
795 3363 906 3413 destined
912 3363 948 3413 for
954 3363 1050 3417 others.

146 3423 157 3448 ⁴
169 3419 324 3484 ‘Thimea'
335 3422 448 3488 opposed
459 3433 487 3475 to
496 3425 608 3474 destun.
