<?xml version="1.0" encoding="UTF-8"?>
<!DOCTYPE html PUBLIC "-//W3C//DTD XHTML 1.0 Transitional//EN"
    "http://www.w3.org/TR/xhtml1/DTD/xhtml1-transitional.dtd">
<html xmlns="http://www.w3.org/1999/xhtml" xml:lang="en" lang="en">
 <head>
  <title>
</title>
<meta http-equiv="Content-Type" content="text/html;charset=utf-8" />
  <meta name='ocr-system' content='tesseract 3.04.00' />
  <meta name='ocr-capabilities' content='ocr_page ocr_carea ocr_par ocr_line ocrx_word'/>
</head>
<body>
  <div class='ocr_page' id='page_1' title='image "./degestisalexand00rufugoog_0283.png"; bbox 0 0 2274 3772; ppageno 0'>
   <div class='ocr_carea' id='block_1_1' title="bbox 107 176 749 235">
    <p class='ocr_par' dir='ltr' id='par_1_1' title="bbox 107 176 749 235">
     <span class='ocr_line' id='line_1_1' title="bbox 107 176 749 235; baseline -0.008 0"><span class='ocrx_word' id='word_1_1' title='bbox 107 176 170 235; x_wconf 69' lang='lat' dir='ltr'><strong>m</strong></span> <span class='ocrx_word' id='word_1_2' title='bbox 376 191 415 231; x_wconf 75' lang='lat' dir='ltr'><strong>nu</strong></span> <span class='ocrx_word' id='word_1_3' title='bbox 438 190 544 232; x_wconf 71' lang='lat' dir='ltr'><strong>essm</strong></span> <span class='ocrx_word' id='word_1_4' title='bbox 566 191 749 233; x_wconf 69' lang='lat' dir='ltr'><strong>mannan</strong></span> 
     </span>
    </p>
   </div>
   <div class='ocr_carea' id='block_1_2' title="bbox 107 299 1031 1479">
    <p class='ocr_par' dir='ltr' id='par_1_2' title="bbox 107 299 1031 1479">
     <span class='ocr_line' id='line_1_2' title="bbox 108 299 1031 371; baseline -0.004 -13"><span class='ocrx_word' id='word_1_5' title='bbox 108 318 178 358; x_wconf 75' lang='lat' dir='ltr'><strong>mus.</strong></span> <span class='ocrx_word' id='word_1_6' title='bbox 215 299 316 355; x_wconf 81' lang='lat' dir='ltr'><strong>Deinde</strong></span> <span class='ocrx_word' id='word_1_7' title='bbox 375 316 439 353; x_wconf 84' lang='lat' dir='ltr'><strong>ucos</strong></span> <span class='ocrx_word' id='word_1_8' title='bbox 464 317 498 371; x_wconf 92' lang='lat' dir='ltr'><strong>qu</strong></span> <span class='ocrx_word' id='word_1_9' title='bbox 535 317 569 353; x_wconf 92' lang='lat' dir='ltr'><strong>ne</strong></span> <span class='ocrx_word' id='word_1_10' title='bbox 595 299 761 354; x_wconf 89' lang='lat' dir='ltr'><strong>incommode</strong></span> <span class='ocrx_word' id='word_1_11' title='bbox 779 308 891 368; x_wconf 82' lang='lat' dir='ltr'><strong>regtmt:</strong></span> <span class='ocrx_word' id='word_1_12' title='bbox 910 316 1031 370; x_wconf 82' lang='lat' dir='ltr'><strong>congra-</strong></span> 
     </span>
     <span class='ocr_line' id='line_1_3' title="bbox 107 368 1030 441; baseline 0 -16"><span class='ocrx_word' id='word_1_13' title='bbox 107 380 171 441; x_wconf 57' lang='grc' dir='ltr'><strong>μὴ</strong></span> <span class='ocrx_word' id='word_1_14' title='bbox 181 386 244 423; x_wconf 88' lang='lat' dir='ltr'><strong>vero</strong></span> <span class='ocrx_word' id='word_1_15' title='bbox 256 379 293 422; x_wconf 92' lang='lat' dir='ltr'><strong>tot</strong></span> <span class='ocrx_word' id='word_1_16' title='bbox 306 370 447 440; x_wconf 89' lang='lat' dir='ltr'><strong>miiaipsa</strong></span> <span class='ocrx_word' id='word_1_17' title='bbox 459 387 488 423; x_wconf 91' lang='lat' dir='ltr'><strong>se</strong></span> <span class='ocrx_word' id='word_1_18' title='bbox 503 387 521 434; x_wconf 83' lang='lat' dir='ltr'><strong>e</strong></span> <span class='ocrx_word' id='word_1_19' title='bbox 533 369 615 438; x_wconf 89' lang='lat' dir='ltr'><strong>iduut,</strong></span> <span class='ocrx_word' id='word_1_20' title='bbox 627 370 673 422; x_wconf 92' lang='lat' dir='ltr'><strong>ubi</strong></span> <span class='ocrx_word' id='word_1_21' title='bbox 693 387 743 423; x_wconf 88' lang='lat' dir='ltr'><strong>uec</strong></span> <span class='ocrx_word' id='word_1_22' title='bbox 762 378 839 435; x_wconf 82' lang='lat' dir='ltr'><strong>stare,</strong></span> <span class='ocrx_word' id='word_1_23' title='bbox 852 386 906 421; x_wconf 87' lang='lat' dir='ltr'><strong>uec</strong></span> <span class='ocrx_word' id='word_1_24' title='bbox 927 368 942 422; x_wconf 86' lang='lat' dir='ltr'><strong>f</strong></span> <span class='ocrx_word' id='word_1_25' title='bbox 982 388 1030 427; x_wconf 86' lang='lat' dir='ltr'><strong>ere</strong></span> 
     </span>
     <span class='ocr_line' id='line_1_4' title="bbox 108 437 1029 512; baseline 0.002 -20"><span class='ocrx_word' id='word_1_26' title='bbox 108 440 238 512; x_wconf 89' lang='lat' dir='ltr'><strong>potuerint</strong></span> <span class='ocrx_word' id='word_1_27' title='bbox 261 438 391 492; x_wconf 86' lang='lat' dir='ltr'><strong>inhabiles</strong></span> <span class='ocrx_word' id='word_1_28' title='bbox 413 448 546 492; x_wconf 87' lang='lat' dir='ltr'><strong>vastorum</strong></span> <span class='ocrx_word' id='word_1_29' title='bbox 572 456 710 507; x_wconf 89' lang='lat' dir='ltr'><strong>corporum</strong></span> <span class='ocrx_word' id='word_1_30' title='bbox 735 437 837 491; x_wconf 86' lang='lat' dir='ltr'><strong>moles.¹</strong></span> <span class='ocrx_word' id='word_1_31' title='bbox 882 438 959 508; x_wconf 86' lang='lat' dir='ltr'>Equi</span> <span class='ocrx_word' id='word_1_32' title='bbox 982 458 1029 497; x_wconf 89' lang='lat' dir='ltr'><strong>em</strong></span> 
     </span>
     <span class='ocr_line' id='line_1_5' title="bbox 108 508 1029 580; baseline -0.004 -16"><span class='ocrx_word' id='word_1_33' title='bbox 108 511 148 564; x_wconf 88' lang='lat' dir='ltr'><strong>sio</strong></span> <span class='ocrx_word' id='word_1_34' title='bbox 156 509 282 562; x_wconf 75' lang='lat' dir='ltr'><strong>mimalia</strong></span> <span class='ocrx_word' id='word_1_35' title='bbox 295 510 345 560; x_wconf 85' lang='lat' dir='ltr'><strong>ista</strong></span> <span class='ocrx_word' id='word_1_36' title='bbox 356 509 511 578; x_wconf 79' lang='lat' dir='ltr'>contempsi,</span> <span class='ocrx_word' id='word_1_37' title='bbox 526 518 554 561; x_wconf 88' lang='lat' dir='ltr'><strong>ut</strong></span> <span class='ocrx_word' id='word_1_38' title='bbox 566 526 629 561; x_wconf 88' lang='lat' dir='ltr'><strong>cum</strong></span> <span class='ocrx_word' id='word_1_39' title='bbox 641 508 776 577; x_wconf 91' lang='lat' dir='ltr'><strong>haberem,</strong></span> <span class='ocrx_word' id='word_1_40' title='bbox 790 508 847 576; x_wconf 88' lang='lat' dir='ltr'><strong>ipse</strong></span> <span class='ocrx_word' id='word_1_41' title='bbox 867 524 920 560; x_wconf 90' lang='lat' dir='ltr'><strong>nou</strong></span> <span class='ocrx_word' id='word_1_42' title='bbox 942 526 1029 580; x_wconf 89' lang='lat' dir='ltr'><strong>oppo-</strong></span> 
     </span>
     <span class='ocr_line' id='line_1_6' title="bbox 107 576 1028 648; baseline -0.001 -15"><span class='ocrx_word' id='word_1_43' title='bbox 107 576 215 645; x_wconf 78' lang='lat' dir='ltr'><strong>suerim,</strong></span> <span class='ocrx_word' id='word_1_44' title='bbox 229 580 293 630; x_wconf 90' lang='lat' dir='ltr'><strong>satis</strong></span> <span class='ocrx_word' id='word_1_45' title='bbox 304 594 409 647; x_wconf 86' lang='lat' dir='ltr'><strong>gnarus,</strong></span> <span class='ocrx_word' id='word_1_46' title='bbox 418 578 479 648; x_wconf 85' lang='lat' dir='ltr'><strong>plus</strong></span> <span class='ocrx_word' id='word_1_47' title='bbox 490 579 553 647; x_wconf 90' lang='lat' dir='ltr'><strong>suis,</strong></span> <span class='ocrx_word' id='word_1_48' title='bbox 562 595 642 647; x_wconf 88' lang='lat' dir='ltr'><strong>quarn</strong></span> <span class='ocrx_word' id='word_1_49' title='bbox 655 577 775 630; x_wconf 75' lang='lat' dir='ltr'>hostibus</span> <span class='ocrx_word' id='word_1_50' title='bbox 785 576 898 645; x_wconf 89' lang='lat' dir='ltr'><strong>periculi</strong></span> <span class='ocrx_word' id='word_1_51' title='bbox 911 577 1028 633; x_wconf 83' lang='lat' dir='ltr'><strong>inferre.</strong></span> 
     </span>
     <span class='ocr_line' id='line_1_7' title="bbox 107 646 1026 716; baseline -0.002 -12"><span class='ocrx_word' id='word_1_52' title='bbox 107 650 145 704; x_wconf 75' lang='lat' dir='ltr'><strong>Ar</strong></span> <span class='ocrx_word' id='word_1_53' title='bbox 164 647 248 700; x_wconf 75' lang='lat' dir='ltr'><strong>enim²</strong></span> <span class='ocrx_word' id='word_1_54' title='bbox 273 648 394 716; x_wconf 91' lang='lat' dir='ltr'><strong>equitum</strong></span> <span class='ocrx_word' id='word_1_55' title='bbox 418 646 590 716; x_wconf 77' lang='lat' dir='ltr'>peditumque</span> <span class='ocrx_word' id='word_1_56' title='bbox 615 647 754 700; x_wconf 88' lang='lat' dir='ltr'><strong>multitudo</strong></span> <span class='ocrx_word' id='word_1_57' title='bbox 775 663 822 698; x_wconf 87' lang='lat' dir='ltr'><strong>vos</strong></span> <span class='ocrx_word' id='word_1_58' title='bbox 844 648 1026 702; x_wconf 84' lang='lat' dir='ltr'><strong>commovet!</strong></span> 
     </span>
     <span class='ocr_line' id='line_1_8' title="bbox 107 714 1028 786; baseline -0.002 -13"><span class='ocrx_word' id='word_1_59' title='bbox 107 719 176 773; x_wconf 84' lang='lat' dir='ltr'><strong>Curn</strong></span> <span class='ocrx_word' id='word_1_60' title='bbox 189 718 282 786; x_wconf 83' lang='lat' dir='ltr'><strong>paucis</strong></span> <span class='ocrx_word' id='word_1_61' title='bbox 300 717 384 768; x_wconf 78' lang='lat' dir='ltr'><strong>enim³</strong></span> <span class='ocrx_word' id='word_1_62' title='bbox 395 733 513 786; x_wconf 87' lang='lat' dir='ltr'><strong>pugnare</strong></span> <span class='ocrx_word' id='word_1_63' title='bbox 532 716 599 769; x_wconf 84' lang='lat' dir='ltr'><strong>soliti</strong></span> <span class='ocrx_word' id='word_1_64' title='bbox 620 716 690 783; x_wconf 91' lang='lat' dir='ltr'><strong>estis,</strong></span> <span class='ocrx_word' id='word_1_65' title='bbox 704 724 731 768; x_wconf 90' lang='lat' dir='ltr'><strong>et</strong></span> <span class='ocrx_word' id='word_1_66' title='bbox 751 732 821 768; x_wconf 91' lang='lat' dir='ltr'><strong>nunc</strong></span> <span class='ocrx_word' id='word_1_67' title='bbox 841 714 965 783; x_wconf 88' lang='lat' dir='ltr'><strong>primum</strong></span> <span class='ocrx_word' id='word_1_68' title='bbox 988 717 1028 771; x_wconf 92' lang='lat' dir='ltr'><strong>in·</strong></span> 
     </span>
     <span class='ocr_line' id='line_1_9' title="bbox 107 783 1029 842; baseline -0.001 0"><span class='ocrx_word' id='word_1_69' title='bbox 107 786 240 842; x_wconf 82' lang='lat' dir='ltr'><strong>conditam</strong></span> <span class='ocrx_word' id='word_1_70' title='bbox 254 785 416 839; x_wconf 65' lang='lat' dir='ltr'><strong>sustinebitis</strong></span> <span class='ocrx_word' id='word_1_71' title='bbox 428 786 540 839; x_wconf 87' lang='lat' dir='ltr'><strong>turbam.</strong></span> <span class='ocrx_word' id='word_1_72' title='bbox 578 785 665 837; x_wconf 88' lang='lat' dir='ltr'><strong>Testis</strong></span> <span class='ocrx_word' id='word_1_73' title='bbox 677 784 804 838; x_wconf 84' lang='lat' dir='ltr'><strong>adversus</strong></span> <span class='ocrx_word' id='word_1_74' title='bbox 815 783 1029 841; x_wconf 76' lang='lat' dir='ltr'><strong>multitudinem</strong></span> 
     </span>
     <span class='ocr_line' id='line_1_10' title="bbox 107 852 1028 923; baseline -0.002 -11"><span class='ocrx_word' id='word_1_75' title='bbox 107 855 201 912; x_wconf 86' lang='lat' dir='ltr'><strong>invicti</strong></span> <span class='ocrx_word' id='word_1_76' title='bbox 213 855 393 908; x_wconf 86' lang='lat' dir='ltr'><strong>Macedonum</strong></span> <span class='ocrx_word' id='word_1_77' title='bbox 406 855 504 908; x_wconf 87' lang='lat' dir='ltr'><strong>roboris</strong></span> <span class='ocrx_word' id='word_1_78' title='bbox 521 855 650 908; x_wconf 85' lang='lat' dir='ltr'><strong>Granicus</strong></span> <span class='ocrx_word' id='word_1_79' title='bbox 669 853 766 923; x_wconf 91' lang='lat' dir='ltr'><strong>amnis,</strong></span> <span class='ocrx_word' id='word_1_80' title='bbox 778 862 805 906; x_wconf 87' lang='lat' dir='ltr'><strong>et</strong></span> <span class='ocrx_word' id='word_1_81' title='bbox 828 852 924 906; x_wconf 88' lang='lat' dir='ltr'><strong>Cilicia</strong></span> <span class='ocrx_word' id='word_1_82' title='bbox 947 857 1028 910; x_wconf 89' lang='lat' dir='ltr'><strong>iuun-</strong></span> 
     </span>
     <span class='ocr_line' id='line_1_11' title="bbox 107 921 1029 1002; baseline -0.002 -21"><span class='ocrx_word' id='word_1_83' title='bbox 107 926 172 981; x_wconf 84' lang='lat' dir='ltr'><strong>‹leta</strong></span> <span class='ocrx_word' id='word_1_84' title='bbox 193 941 285 978; x_wconf 90' lang='lat' dir='ltr'><strong>cruore</strong></span> <span class='ocrx_word' id='word_1_85' title='bbox 309 925 455 994; x_wconf 87' lang='lat' dir='ltr'><strong>Persarum,</strong></span> <span class='ocrx_word' id='word_1_86' title='bbox 475 934 502 976; x_wconf 89' lang='lat' dir='ltr'><strong>et</strong></span> <span class='ocrx_word' id='word_1_87' title='bbox 520 924 600 978; x_wconf 89' lang='lat' dir='ltr'><strong>Arbel</strong></span> <span class='ocrx_word' id='word_1_88' title='bbox 645 923 722 1002; x_wconf 88' lang='lat' dir='ltr'><strong>cujus</strong></span> <span class='ocrx_word' id='word_1_89' title='bbox 743 922 832 991; x_wconf 82' lang='lat' dir='ltr'><strong>campi</strong></span> <span class='ocrx_word' id='word_1_90' title='bbox 849 921 1029 979; x_wconf 88' lang='lat' dir='ltr'><strong>devictorum</strong></span> 
     </span>
     <span class='ocr_line' id='line_1_12' title="bbox 107 991 1028 1060; baseline -0.003 -10"><span class='ocrx_word' id='word_1_91' title='bbox 107 1015 124 1050; x_wconf 82' lang='lat' dir='ltr'><strong>a</strong></span> <span class='ocrx_word' id='word_1_92' title='bbox 135 994 213 1049; x_wconf 80' lang='lat' dir='ltr'><strong>nobis</strong></span> <span class='ocrx_word' id='word_1_93' title='bbox 224 994 329 1047; x_wconf 83' lang='lat' dir='ltr'><strong>ossibus</strong></span> <span class='ocrx_word' id='word_1_94' title='bbox 346 995 418 1046; x_wconf 84' lang='lat' dir='ltr'><strong>strati</strong></span> <span class='ocrx_word' id='word_1_95' title='bbox 437 1003 506 1046; x_wconf 89' lang='lat' dir='ltr'><strong>sunt.</strong></span> <span class='ocrx_word' id='word_1_96' title='bbox 542 993 604 1046; x_wconf 89' lang='lat' dir='ltr'><strong>Sero</strong></span> <span class='ocrx_word' id='word_1_97' title='bbox 635 1001 731 1046; x_wconf 90' lang='lat' dir='ltr'><strong>ostrum</strong></span> <span class='ocrx_word' id='word_1_98' title='bbox 743 991 863 1060; x_wconf 84' lang='lat' dir='ltr'><strong>legiones</strong></span> <span class='ocrx_word' id='word_1_99' title='bbox 876 1009 1028 1047; x_wconf 87' lang='lat' dir='ltr'><strong>numerare</strong></span> 
     </span>
     <span class='ocr_line' id='line_1_13' title="bbox 107 1059 1026 1135; baseline -0.004 -15"><span class='ocrx_word' id='word_1_100' title='bbox 107 1064 238 1134; x_wconf 77' lang='lat' dir='ltr'><strong>coepistis,</strong></span> <span class='ocrx_word' id='word_1_101' title='bbox 260 1072 399 1135; x_wconf 89' lang='lat' dir='ltr'><strong>postquam</strong></span> <span class='ocrx_word' id='word_1_102' title='bbox 423 1062 592 1117; x_wconf 83' lang='lat' dir='ltr'><strong>solitudinem</strong></span> <span class='ocrx_word' id='word_1_103' title='bbox 615 1063 640 1114; x_wconf 90' lang='lat' dir='ltr'><strong>in</strong></span> <span class='ocrx_word' id='word_1_104' title='bbox 664 1063 728 1115; x_wconf 83' lang='lat' dir='ltr'><strong>Asia</strong></span> <span class='ocrx_word' id='word_1_105' title='bbox 750 1059 881 1113; x_wconf 87' lang='lat' dir='ltr'><strong>vincendo</strong></span> <span class='ocrx_word' id='word_1_106' title='bbox 906 1060 1026 1117; x_wconf 84' lang='lat' dir='ltr'><strong>lecistis.</strong></span> 
     </span>
     <span class='ocr_line' id='line_1_14' title="bbox 107 1130 1027 1203; baseline -0.004 -13"><span class='ocrx_word' id='word_1_107' title='bbox 107 1137 176 1190; x_wconf 88' lang='lat' dir='ltr'><strong>Cum</strong></span> <span class='ocrx_word' id='word_1_108' title='bbox 198 1150 245 1203; x_wconf 92' lang='lat' dir='ltr'><strong>per</strong></span> <span class='ocrx_word' id='word_1_109' title='bbox 268 1133 468 1201; x_wconf 86' lang='lat' dir='ltr'><strong>Hellespontum</strong></span> <span class='ocrx_word' id='word_1_110' title='bbox 492 1133 684 1200; x_wconf 77' lang='lat' dir='ltr'><strong>navigaremus,</strong></span> <span class='ocrx_word' id='word_1_111' title='bbox 712 1132 746 1183; x_wconf 87' lang='lat' dir='ltr'><strong>de</strong></span> <span class='ocrx_word' id='word_1_112' title='bbox 769 1130 906 1199; x_wconf 85' lang='lat' dir='ltr'><strong>paucitate</strong></span> <span class='ocrx_word' id='word_1_113' title='bbox 929 1142 1027 1187; x_wconf 83' lang='lat' dir='ltr'><strong>nostra</strong></span> 
     </span>
     <span class='ocr_line' id='line_1_15' title="bbox 107 1199 1027 1272; baseline -0.001 -16"><span class='ocrx_word' id='word_1_114' title='bbox 107 1203 276 1272; x_wconf 85' lang='lat' dir='ltr'><strong>cogitandum</strong></span> <span class='ocrx_word' id='word_1_115' title='bbox 300 1202 349 1255; x_wconf 88' lang='lat' dir='ltr'><strong>fuit</strong></span> <span class='ocrx_word' id='word_1_116' title='bbox 359 1204 377 1254; x_wconf 87' lang='lat'><strong>:⁴</strong></span> <span class='ocrx_word' id='word_1_117' title='bbox 402 1219 472 1254; x_wconf 89' lang='lat' dir='ltr'><strong>nunc</strong></span> <span class='ocrx_word' id='word_1_118' title='bbox 495 1219 543 1254; x_wconf 89' lang='lat' dir='ltr'><strong>nos</strong></span> <span class='ocrx_word' id='word_1_119' title='bbox 565 1200 680 1271; x_wconf 86' lang='lat' dir='ltr'><strong>Scythae</strong></span> <span class='ocrx_word' id='word_1_120' title='bbox 700 1208 852 1269; x_wconf 88' lang='lat' dir='ltr'><strong>sequuntur,</strong></span> <span class='ocrx_word' id='word_1_121' title='bbox 877 1199 1027 1255; x_wconf 89' lang='lat' dir='ltr'><strong>Bactriana</strong></span> 
     </span>
     <span class='ocr_line' id='line_1_16' title="bbox 107 1267 979 1342; baseline -0.007 -15"><span class='ocrx_word' id='word_1_122' title='bbox 107 1273 206 1328; x_wconf 79' lang='lat' dir='ltr'><strong>auxilia</strong></span> <span class='ocrx_word' id='word_1_123' title='bbox 217 1281 320 1342; x_wconf 87' lang='lat' dir='ltr'><strong>praesto</strong></span> <span class='ocrx_word' id='word_1_124' title='bbox 333 1281 400 1338; x_wconf 90' lang='lat' dir='ltr'><strong>sunt,</strong></span> <span class='ocrx_word' id='word_1_125' title='bbox 415 1271 505 1324; x_wconf 82' lang='lat' dir='ltr'><strong>Dahae</strong></span> <span class='ocrx_word' id='word_1_126' title='bbox 518 1271 694 1339; x_wconf 82' lang='lat' dir='ltr'><strong>Sogdianique</strong></span> <span class='ocrx_word' id='word_1_127' title='bbox 708 1270 775 1323; x_wconf 89' lang='lat' dir='ltr'><strong>inter</strong></span> <span class='ocrx_word' id='word_1_128' title='bbox 786 1286 834 1321; x_wconf 83' lang='lat' dir='ltr'><strong>uos</strong></span> <span class='ocrx_word' id='word_1_129' title='bbox 845 1267 979 1323; x_wconf 88' lang='lat' dir='ltr'><strong>militant.</strong></span> 
     </span>
     <span class='ocr_line' id='line_1_17' title="bbox 144 1339 1024 1410; baseline -0.003 -14"><span class='ocrx_word' id='word_1_130' title='bbox 144 1348 184 1396; x_wconf 87' lang='lat' dir='ltr'><strong>to.</strong></span> <span class='ocrx_word' id='word_1_131' title='bbox 197 1343 255 1396; x_wconf 90' lang='lat' dir='ltr'><strong>Nec</strong></span> <span class='ocrx_word' id='word_1_132' title='bbox 267 1352 356 1395; x_wconf 86' lang='lat' dir='ltr'><strong>temen</strong></span> <span class='ocrx_word' id='word_1_133' title='bbox 369 1341 408 1393; x_wconf 93' lang='lat' dir='ltr'><strong>illi</strong></span> <span class='ocrx_word' id='word_1_134' title='bbox 421 1341 512 1393; x_wconf 90' lang='lat' dir='ltr'><strong>turbae</strong></span> <span class='ocrx_word' id='word_1_135' title='bbox 523 1340 635 1394; x_wconf 87' lang='lat' dir='ltr'><strong>confido.</strong></span> <span class='ocrx_word' id='word_1_136' title='bbox 671 1340 780 1392; x_wconf 86' lang='lat' dir='ltr'><strong>Vestras</strong></span> <span class='ocrx_word' id='word_1_137' title='bbox 797 1354 895 1391; x_wconf 87' lang='lat' dir='ltr'><strong>manus</strong></span> <span class='ocrx_word' id='word_1_138' title='bbox 907 1339 1024 1410; x_wconf 86' lang='lat' dir='ltr'><strong>intueor,</strong></span> 
     </span>
     <span class='ocr_line' id='line_1_18' title="bbox 108 1406 1026 1479; baseline -0.004 -12"><span class='ocrx_word' id='word_1_139' title='bbox 108 1420 224 1467; x_wconf 86' lang='lat' dir='ltr'><strong>vestram</strong></span> <span class='ocrx_word' id='word_1_140' title='bbox 242 1413 364 1463; x_wconf 89' lang='lat' dir='ltr'><strong>virtutem</strong></span> <span class='ocrx_word' id='word_1_141' title='bbox 389 1427 482 1475; x_wconf 90' lang='lat' dir='ltr'><strong>rerum,</strong></span> <span class='ocrx_word' id='word_1_142' title='bbox 503 1427 570 1479; x_wconf 87' lang='lat' dir='ltr'><strong>quas</strong></span> <span class='ocrx_word' id='word_1_143' title='bbox 593 1418 716 1478; x_wconf 84' lang='lat' dir='ltr'><strong>gesturus</strong></span> <span class='ocrx_word' id='word_1_144' title='bbox 740 1425 807 1476; x_wconf 90' lang='lat' dir='ltr'><strong>sum,</strong></span> <span class='ocrx_word' id='word_1_145' title='bbox 825 1406 927 1460; x_wconf 89' lang='lat' dir='ltr'><strong>vadem</strong></span> <span class='ocrx_word' id='word_1_146' title='bbox 944 1426 1026 1479; x_wconf 86' lang='lat' dir='ltr'><strong>prae·</strong></span> 
     </span>
    </p>
   </div>
   <div class='ocr_carea' id='block_1_3' title="bbox 107 1475 1127 1556">
    <p class='ocr_par' dir='ltr' id='par_1_3' title="bbox 107 1475 1127 1556">
     <span class='ocr_line' id='line_1_19' title="bbox 107 1475 1127 1556; baseline -0.004 -21"><span class='ocrx_word' id='word_1_147' title='bbox 107 1482 223 1549; x_wconf 89' lang='lat' dir='ltr'><strong>demque</strong></span> <span class='ocrx_word' id='word_1_148' title='bbox 235 1480 341 1533; x_wconf 76' lang='lat' dir='ltr'><strong>habeor</strong></span> <span class='ocrx_word' id='word_1_149' title='bbox 375 1479 507 1537; x_wconf 83' lang='lat' dir='ltr'><strong>Quamdiu</strong></span> <span class='ocrx_word' id='word_1_150' title='bbox 521 1479 657 1531; x_wconf 88' lang='lat' dir='ltr'><strong>vobiscum</strong></span> <span class='ocrx_word' id='word_1_151' title='bbox 673 1478 699 1531; x_wconf 93' lang='lat' dir='ltr'><strong>in</strong></span> <span class='ocrx_word' id='word_1_152' title='bbox 718 1478 775 1530; x_wconf 87' lang='lat' dir='ltr'><strong>acic</strong></span> <span class='ocrx_word' id='word_1_153' title='bbox 793 1475 876 1556; x_wconf 78' lang='lat' dir='ltr'><strong>stabp,</strong></span> <span class='ocrx_word' id='word_1_154' title='bbox 890 1494 942 1530; x_wconf 89' lang='lat' dir='ltr'><strong>nec</strong></span> <span class='ocrx_word' id='word_1_155' title='bbox 956 1478 1026 1531; x_wconf 80' lang='lat' dir='ltr'><strong>mei⁸</strong></span> <span class='ocrx_word' id='word_1_156' title='bbox 1123 1540 1127 1555; x_wconf 46' lang='grc' dir='ltr'>Ι</span> 
     </span>
    </p>
   </div>
   <div class='ocr_carea' id='block_1_4' title="bbox 79 1545 1025 2310">
    <p class='ocr_par' dir='ltr' id='par_1_4' title="bbox 79 1545 1025 2310">
     <span class='ocr_line' id='line_1_20' title="bbox 108 1545 1025 1603; baseline -0.001 -1"><span class='ocrx_word' id='word_1_157' title='bbox 108 1567 159 1603; x_wconf 87' lang='lat' dir='ltr'><strong>neo</strong></span> <span class='ocrx_word' id='word_1_158' title='bbox 189 1549 302 1601; x_wconf 86' lang='lat' dir='ltr'><strong>hostium</strong></span> <span class='ocrx_word' id='word_1_159' title='bbox 334 1549 465 1601; x_wconf 78' lang='lat' dir='ltr'><strong>exercitus</strong></span> <span class='ocrx_word' id='word_1_160' title='bbox 493 1564 617 1600; x_wconf 89' lang='lat' dir='ltr'><strong>numero:</strong></span> <span class='ocrx_word' id='word_1_161' title='bbox 650 1564 696 1600; x_wconf 89' lang='lat' dir='ltr'><strong>vos</strong></span> <span class='ocrx_word' id='word_1_162' title='bbox 719 1545 796 1599; x_wconf 92' lang='lat' dir='ltr'><strong>modo</strong></span> <span class='ocrx_word' id='word_1_163' title='bbox 818 1562 927 1598; x_wconf 87' lang='lat' dir='ltr'><strong>ammos</strong></span> <span class='ocrx_word' id='word_1_164' title='bbox 954 1546 1025 1601; x_wconf 87' lang='lat' dir='ltr'><strong>mihi</strong></span> 
     </span>
     <span class='ocr_line' id='line_1_21' title="bbox 79 1614 1024 1689; baseline -0.002 -18"><span class='ocrx_word' id='word_1_165' title='bbox 79 1668 84 1677; x_wconf 85' lang='grc'>,</span> <span class='ocrx_word' id='word_1_166' title='bbox 108 1619 200 1689; x_wconf 89' lang='lat' dir='ltr'><strong>plenos</strong></span> <span class='ocrx_word' id='word_1_167' title='bbox 211 1617 354 1669; x_wconf 88' lang='lat' dir='ltr'><strong>alacritatis</strong></span> <span class='ocrx_word' id='word_1_168' title='bbox 366 1634 398 1669; x_wconf 90' lang='lat' dir='ltr'><strong>ac</strong></span> <span class='ocrx_word' id='word_1_169' title='bbox 413 1617 527 1669; x_wconf 86' lang='lat' dir='ltr'><strong>fiduciae</strong></span> <span class='ocrx_word' id='word_1_170' title='bbox 547 1616 682 1669; x_wconf 89' lang='lat' dir='ltr'><strong>adhibete.</strong></span> <span class='ocrx_word' id='word_1_171' title='bbox 717 1615 777 1669; x_wconf 91' lang='lat' dir='ltr'><strong>Non</strong></span> <span class='ocrx_word' id='word_1_172' title='bbox 797 1615 823 1667; x_wconf 91' lang='lat' dir='ltr'><strong>in</strong></span> <span class='ocrx_word' id='word_1_173' title='bbox 844 1614 937 1668; x_wconf 89' lang='lat' dir='ltr'><strong>limine</strong></span> <span class='ocrx_word' id='word_1_174' title='bbox 959 1633 1024 1686; x_wconf 87' lang='lat' dir='ltr'><strong>ope-</strong></span> 
     </span>
     <span class='ocr_line' id='line_1_22' title="bbox 109 1685 1024 1755; baseline -0.001 -14"><span class='ocrx_word' id='word_1_175' title='bbox 109 1704 168 1741; x_wconf 87' lang='lat' dir='ltr'><strong>rum</strong></span> <span class='ocrx_word' id='word_1_176' title='bbox 185 1687 358 1755; x_wconf 82' lang='lat' dir='ltr'><strong>laborumque</strong></span> <span class='ocrx_word' id='word_1_177' title='bbox 372 1695 528 1755; x_wconf 85' lang='lat' dir='ltr'><strong>nostrorum,</strong></span> <span class='ocrx_word' id='word_1_178' title='bbox 548 1685 639 1738; x_wconf 83' lang='lat' dir='ltr'><strong>sedin</strong></span> <span class='ocrx_word' id='word_1_179' title='bbox 658 1685 731 1738; x_wconf 88' lang='lat' dir='ltr'><strong>exitu</strong></span> <span class='ocrx_word' id='word_1_180' title='bbox 752 1694 870 1738; x_wconf 82' lang='lat' dir='ltr'><strong>stamus:</strong></span> <span class='ocrx_word' id='word_1_181' title='bbox 897 1686 1024 1754; x_wconf 91' lang='lat' dir='ltr'><strong>perveni·</strong></span> 
     </span>
     <span class='ocr_line' id='line_1_23' title="bbox 109 1754 1024 1823; baseline -0.002 -12"><span class='ocrx_word' id='word_1_182' title='bbox 109 1774 171 1811; x_wconf 88' lang='lat' dir='ltr'><strong>mus</strong></span> <span class='ocrx_word' id='word_1_183' title='bbox 188 1756 222 1809; x_wconf 92' lang='lat' dir='ltr'><strong>ad</strong></span> <span class='ocrx_word' id='word_1_184' title='bbox 241 1756 302 1808; x_wconf 85' lang='lat' dir='ltr'><strong>solis</strong></span> <span class='ocrx_word' id='word_1_185' title='bbox 320 1765 407 1809; x_wconf 90' lang='lat' dir='ltr'><strong>ortum</strong></span> <span class='ocrx_word' id='word_1_186' title='bbox 425 1764 452 1808; x_wconf 92' lang='lat' dir='ltr'><strong>et</strong></span> <span class='ocrx_word' id='word_1_187' title='bbox 470 1756 613 1823; x_wconf 78' lang='lat' dir='ltr'><strong>Oceanum,</strong></span> <span class='ocrx_word' id='word_1_188' title='bbox 633 1755 682 1808; x_wconf 92' lang='lat' dir='ltr'><strong>nisi</strong></span> <span class='ocrx_word' id='word_1_189' title='bbox 700 1754 787 1807; x_wconf 85' lang='lat' dir='ltr'><strong>obstat</strong></span> <span class='ocrx_word' id='word_1_190' title='bbox 808 1755 928 1822; x_wconf 88' lang='lat' dir='ltr'><strong>ignavia:</strong></span> <span class='ocrx_word' id='word_1_191' title='bbox 957 1755 1024 1809; x_wconf 89' lang='lat' dir='ltr'><strong>iude</strong></span> 
     </span>
     <span class='ocr_line' id='line_1_24' title="bbox 110 1822 1022 1895; baseline -0.002 -16"><span class='ocrx_word' id='word_1_192' title='bbox 110 1828 228 1895; x_wconf 80' lang='lat' dir='ltr'><strong>victores,</strong></span> <span class='ocrx_word' id='word_1_193' title='bbox 248 1824 394 1895; x_wconf 88' lang='lat' dir='ltr'><strong>perdomito</strong></span> <span class='ocrx_word' id='word_1_194' title='bbox 418 1826 470 1878; x_wconf 85' lang='lat' dir='ltr'><strong>fine</strong></span> <span class='ocrx_word' id='word_1_195' title='bbox 495 1835 629 1891; x_wconf 88' lang='lat' dir='ltr'><strong>terrarum,</strong></span> <span class='ocrx_word' id='word_1_196' title='bbox 649 1833 811 1877; x_wconf 89' lang='lat' dir='ltr'><strong>revertemur</strong></span> <span class='ocrx_word' id='word_1_197' title='bbox 839 1822 865 1875; x_wconf 95' lang='lat' dir='ltr'><strong>in</strong></span> <span class='ocrx_word' id='word_1_198' title='bbox 895 1824 1022 1892; x_wconf 86' lang='lat' dir='ltr'><strong>patriam.</strong></span> 
     </span>
     <span class='ocr_line' id='line_1_25' title="bbox 109 1890 1024 1965; baseline -0.003 -15"><span class='ocrx_word' id='word_1_199' title='bbox 109 1895 208 1965; x_wconf 85' lang='lat' dir='ltr'><strong>Nolite,</strong></span> <span class='ocrx_word' id='word_1_200' title='bbox 232 1895 302 1965; x_wconf 88' lang='lat' dir='ltr'><strong>quod</strong></span> <span class='ocrx_word' id='word_1_201' title='bbox 327 1894 391 1963; x_wconf 85' lang='lat' dir='ltr'><strong>pigri</strong></span> <span class='ocrx_word' id='word_1_202' title='bbox 420 1894 550 1962; x_wconf 84' lang='lat' dir='ltr'><strong>agricolae</strong></span> <span class='ocrx_word' id='word_1_203' title='bbox 574 1894 682 1960; x_wconf 83' lang='lat' dir='ltr'><strong>faciunt,</strong></span> <span class='ocrx_word' id='word_1_204' title='bbox 707 1903 823 1945; x_wconf 86' lang='lat' dir='ltr'><strong>maturos</strong></span> <span class='ocrx_word' id='word_1_205' title='bbox 845 1890 949 1945; x_wconf 85' lang='lat' dir='ltr'><strong>fructus</strong></span> <span class='ocrx_word' id='word_1_206' title='bbox 974 1911 1024 1963; x_wconf 88' lang='lat' dir='ltr'><strong>per</strong></span> 
     </span>
     <span class='ocr_line' id='line_1_26' title="bbox 109 1960 1024 2035; baseline -0.002 -17"><span class='ocrx_word' id='word_1_207' title='bbox 109 1966 231 2019; x_wconf 87' lang='lat' dir='ltr'><strong>inertiam</strong></span> <span class='ocrx_word' id='word_1_208' title='bbox 250 1964 372 2017; x_wconf 91' lang='lat' dir='ltr'><strong>amittere</strong></span> <span class='ocrx_word' id='word_1_209' title='bbox 391 1981 406 2015; x_wconf 92' lang='lat' dir='ltr'><strong>e</strong></span> <span class='ocrx_word' id='word_1_210' title='bbox 424 1964 556 2035; x_wconf 85' lang='lat' dir='ltr'><strong>manibus.</strong></span> <span class='ocrx_word' id='word_1_211' title='bbox 593 1963 695 2032; x_wconf 86' lang='lat' dir='ltr'><strong>Majora</strong></span> <span class='ocrx_word' id='word_1_212' title='bbox 716 1971 775 2014; x_wconf 90' lang='lat' dir='ltr'><strong>sunt</strong></span> <span class='ocrx_word' id='word_1_213' title='bbox 795 1960 921 2031; x_wconf 86' lang='lat' dir='ltr'><strong>periculis</strong></span> <span class='ocrx_word' id='word_1_214' title='bbox 944 1979 1024 2031; x_wconf 91' lang='lat' dir='ltr'><strong>prae·</strong></span> 
     </span>
     <span class='ocr_line' id='line_1_27' title="bbox 110 2032 1022 2100; baseline -0.002 -13"><span class='ocrx_word' id='word_1_215' title='bbox 110 2035 179 2087; x_wconf 88' lang='lat' dir='ltr'><strong>mia:</strong></span> <span class='ocrx_word' id='word_1_216' title='bbox 198 2035 273 2086; x_wconf 89' lang='lat' dir='ltr'><strong>dives</strong></span> <span class='ocrx_word' id='word_1_217' title='bbox 291 2034 397 2086; x_wconf 87' lang='lat' dir='ltr'><strong>eadem⁷</strong></span> <span class='ocrx_word' id='word_1_218' title='bbox 409 2043 435 2086; x_wconf 88' lang='lat' dir='ltr'><strong>et</strong></span> <span class='ocrx_word' id='word_1_219' title='bbox 448 2034 562 2087; x_wconf 85' lang='lat' dir='ltr'><strong>imbellis</strong></span> <span class='ocrx_word' id='word_1_220' title='bbox 574 2043 614 2086; x_wconf 90' lang='lat' dir='ltr'><strong>est</strong></span> <span class='ocrx_word' id='word_1_221' title='bbox 629 2033 707 2100; x_wconf 85' lang='lat' dir='ltr'><strong>regio.</strong></span> <span class='ocrx_word' id='word_1_222' title='bbox 743 2032 835 2100; x_wconf 87' lang='lat' dir='ltr'><strong>ltaque</strong></span> <span class='ocrx_word' id='word_1_223' title='bbox 848 2047 899 2082; x_wconf 91' lang='lat' dir='ltr'><strong>non</strong></span> <span class='ocrx_word' id='word_1_224' title='bbox 913 2040 971 2085; x_wconf 86' lang='lat' dir='ltr'><strong>tam</strong></span> <span class='ocrx_word' id='word_1_225' title='bbox 985 2033 1022 2085; x_wconf 87' lang='lat' dir='ltr'><strong>ad</strong></span> 
     </span>
     <span class='ocr_line' id='line_1_28' title="bbox 109 2100 1020 2172; baseline -0.001 -17"><span class='ocrx_word' id='word_1_226' title='bbox 109 2103 220 2172; x_wconf 86' lang='lat' dir='ltr'><strong>gloriam</strong></span> <span class='ocrx_word' id='word_1_227' title='bbox 232 2121 279 2154; x_wconf 87' lang='lat' dir='ltr'><strong>vos</strong></span> <span class='ocrx_word' id='word_1_228' title='bbox 296 2104 371 2170; x_wconf 82' lang='lat' dir='ltr'><strong>duce,</strong></span> <span class='ocrx_word' id='word_1_229' title='bbox 385 2120 465 2171; x_wconf 85' lang='lat' dir='ltr'><strong>quarn</strong></span> <span class='ocrx_word' id='word_1_230' title='bbox 483 2103 516 2155; x_wconf 85' lang='lat' dir='ltr'><strong>ad</strong></span> <span class='ocrx_word' id='word_1_231' title='bbox 536 2103 671 2171; x_wconf 86' lang='lat' dir='ltr'><strong>praedam.</strong></span> <span class='ocrx_word' id='word_1_232' title='bbox 707 2101 785 2168; x_wconf 88' lang='lat' dir='ltr'><strong>Digni</strong></span> <span class='ocrx_word' id='word_1_233' title='bbox 798 2100 869 2167; x_wconf 85' lang='lat' dir='ltr'><strong>estis,</strong></span> <span class='ocrx_word' id='word_1_234' title='bbox 882 2100 930 2168; x_wconf 89' lang='lat' dir='ltr'><strong>qui</strong></span> <span class='ocrx_word' id='word_1_235' title='bbox 942 2117 1020 2171; x_wconf 86' lang='lat' dir='ltr'><strong>opes,</strong></span> 
     </span>
     <span class='ocr_line' id='line_1_29' title="bbox 109 2169 1023 2241; baseline 0 -17"><span class='ocrx_word' id='word_1_236' title='bbox 109 2188 177 2241; x_wconf 87' lang='lat' dir='ltr'><strong>quas</strong></span> <span class='ocrx_word' id='word_1_237' title='bbox 195 2171 258 2223; x_wconf 88' lang='lat' dir='ltr'><strong>illud</strong></span> <span class='ocrx_word' id='word_1_238' title='bbox 279 2189 352 2223; x_wconf 88' lang='lat' dir='ltr'><strong>mare</strong></span> <span class='ocrx_word' id='word_1_239' title='bbox 372 2172 490 2225; x_wconf 89' lang='lat' dir='ltr'><strong>litoribus</strong></span> <span class='ocrx_word' id='word_1_240' title='bbox 508 2171 615 2240; x_wconf 83' lang='lat' dir='ltr'><strong>invehit,</strong></span> <span class='ocrx_word' id='word_1_241' title='bbox 630 2171 750 2222; x_wconf 82' lang='lat' dir='ltr'><strong>reseratis</strong></span> <span class='ocrx_word' id='word_1_242' title='bbox 762 2170 789 2221; x_wconf 90' lang='lat' dir='ltr'><strong>in</strong></span> <span class='ocrx_word' id='word_1_243' title='bbox 801 2170 922 2237; x_wconf 84' lang='lat' dir='ltr'><strong>patriam,</strong></span> <span class='ocrx_word' id='word_1_244' title='bbox 936 2169 1023 2240; x_wconf 87' lang='lat' dir='ltr'><strong>digni,</strong></span> 
     </span>
     <span class='ocr_line' id='line_1_30' title="bbox 109 2237 1025 2310; baseline 0.002 -18"><span class='ocrx_word' id='word_1_245' title='bbox 109 2241 154 2310; x_wconf 93' lang='lat' dir='ltr'><strong>qui</strong></span> <span class='ocrx_word' id='word_1_246' title='bbox 173 2241 237 2292; x_wconf 89' lang='lat' dir='ltr'><strong>nihil</strong></span> <span class='ocrx_word' id='word_1_247' title='bbox 257 2241 430 2308; x_wconf 84' lang='lat' dir='ltr'><strong>inexpertum,</strong></span> <span class='ocrx_word' id='word_1_248' title='bbox 444 2240 509 2292; x_wconf 92' lang='lat' dir='ltr'><strong>nihil</strong></span> <span class='ocrx_word' id='word_1_249' title='bbox 530 2250 601 2293; x_wconf 91' lang='lat' dir='ltr'><strong>metu</strong></span> <span class='ocrx_word' id='word_1_250' title='bbox 623 2241 751 2292; x_wconf 86' lang='lat' dir='ltr'><strong>omissum</strong></span> <span class='ocrx_word' id='word_1_251' title='bbox 767 2237 932 2308; x_wconf 84' lang='lat' dir='ltr'><strong>relinquatis..</strong></span> <span class='ocrx_word' id='word_1_252' title='bbox 970 2239 1025 2293; x_wconf 89' lang='lat' dir='ltr'><strong>Per</strong></span> 
     </span>
    </p>
   </div>
   <div class='ocr_carea' id='block_1_5' title="bbox 111 2307 1023 2380">
    <p class='ocr_par' dir='ltr' id='par_1_5' title="bbox 111 2307 1023 2380">
     <span class='ocr_line' id='line_1_31' title="bbox 111 2307 1023 2380; baseline 0 -18"><span class='ocrx_word' id='word_1_253' title='bbox 111 2326 157 2362; x_wconf 81' lang='lat' dir='ltr'><strong>vos</strong></span> <span class='ocrx_word' id='word_1_254' title='bbox 167 2309 340 2379; x_wconf 86' lang='lat' dir='ltr'><strong>gloriamque⁸</strong></span> <span class='ocrx_word' id='word_1_255' title='bbox 352 2318 474 2377; x_wconf 90' lang='lat' dir='ltr'><strong>vestram,</strong></span> <span class='ocrx_word' id='word_1_256' title='bbox 488 2326 541 2377; x_wconf 90' lang='lat' dir='ltr'><strong>qua</strong></span> <span class='ocrx_word' id='word_1_257' title='bbox 559 2309 705 2362; x_wconf 86' lang='lat' dir='ltr'><strong>humanum</strong></span> <span class='ocrx_word' id='word_1_258' title='bbox 723 2308 857 2376; x_wconf 84' lang='lat' dir='ltr'><strong>fastigium</strong></span> <span class='ocrx_word' id='word_1_259' title='bbox 877 2307 1023 2380; x_wconf 83' lang='lat' dir='ltr'><strong>exceditis,</strong></span> 
     </span>
    </p>
   </div>
   <div class='ocr_carea' id='block_1_6' title="bbox 99 2429 1025 3439">
    <p class='ocr_par' dir='ltr' id='par_1_6' title="bbox 110 2429 1025 2658">
     <span class='ocr_line' id='line_1_32' title="bbox 110 2429 1025 2543; baseline -0.002 -63"><span class='ocrx_word' id='word_1_260' title='bbox 110 2432 194 2540; x_wconf 74' lang='lat' dir='ltr'><strong>dzinery</strong></span> <span class='ocrx_word' id='word_1_261' title='bbox 214 2432 316 2543; x_wconf 62' lang='lat' dir='ltr'><strong>pgnctice</strong></span> <span class='ocrx_word' id='word_1_262' title='bbox 337 2432 396 2479; x_wconf 85' lang='lat' dir='ltr'><strong>than</strong></span> <span class='ocrx_word' id='word_1_263' title='bbox 415 2433 535 2481; x_wconf 79' lang='lat' dir='ltr'><strong>declinari.</strong></span> <span class='ocrx_word' id='word_1_264' title='bbox 574 2431 620 2479; x_wconf 88' lang='lat' dir='ltr'><strong>See</strong></span> <span class='ocrx_word' id='word_1_265' title='bbox 642 2431 722 2478; x_wconf 86' lang='lat' dir='ltr'><strong>Gram.</strong></span> <span class='ocrx_word' id='word_1_266' title='bbox 744 2429 825 2484; x_wconf 55' lang='grc'><strong>9139,</strong></span> <span class='ocrx_word' id='word_1_267' title='bbox 848 2438 905 2475; x_wconf 89' lang='lat' dir='ltr'><strong>note</strong></span> <span class='ocrx_word' id='word_1_268' title='bbox 929 2431 951 2485; x_wconf 88' lang='lat'><strong>1,</strong></span> <span class='ocrx_word' id='word_1_269' title='bbox 973 2430 1025 2478; x_wconf 87' lang='lat' dir='ltr'><strong>and</strong></span> 
     </span>
     <span class='ocr_line' id='line_1_33' title="bbox 132 2495 298 2546; baseline -0.006 -6"><span class='ocrx_word' id='word_1_270' title='bbox 132 2508 173 2540; x_wconf 92' lang='lat' dir='ltr'><strong>um</strong></span> <span class='ocrx_word' id='word_1_271' title='bbox 191 2501 208 2546; x_wconf 85' lang='lat' dir='ltr'><strong>t,</strong></span> <span class='ocrx_word' id='word_1_272' title='bbox 249 2495 298 2540; x_wconf 78' lang='lat' dir='ltr'><strong>tto.</strong></span> 
     </span>
     <span class='ocr_line' id='line_1_34' title="bbox 110 2507 1023 2658; baseline -0.003 -59"><span class='ocrx_word' id='word_1_273' title='bbox 110 2507 211 2658; x_wconf 47' lang='lat' dir='ltr'><strong>dlliTlre</strong></span> <span class='ocrx_word' id='word_1_274' title='bbox 227 2551 305 2599; x_wconf 82' lang='lat' dir='ltr'><strong>future</strong></span> <span class='ocrx_word' id='word_1_275' title='bbox 322 2548 411 2611; x_wconf 85' lang='lat' dir='ltr'><strong>perfect</strong></span> <span class='ocrx_word' id='word_1_276' title='bbox 425 2552 545 2612; x_wconf 83' lang='lat' dir='ltr'><strong>potuerint</strong></span> <span class='ocrx_word' id='word_1_277' title='bbox 564 2548 673 2608; x_wconf 90' lang='lat' dir='ltr'><strong>properly</strong></span> <span class='ocrx_word' id='word_1_278' title='bbox 685 2546 791 2606; x_wconf 84' lang='lat' dir='ltr'><strong>requires</strong></span> <span class='ocrx_word' id='word_1_279' title='bbox 810 2545 912 2594; x_wconf 83' lang='lat' dir='ltr'><strong>another</strong></span> <span class='ocrx_word' id='word_1_280' title='bbox 927 2545 1023 2606; x_wconf 80' lang='lat' dir='ltr'><strong>future,</strong></span> 
     </span>
    </p>

    <p class='ocr_par' dir='ltr' id='par_1_7' title="bbox 137 2612 204 2658">
     <span class='ocr_line' id='line_1_35' title="bbox 137 2612 204 2658; baseline 0.015 -1"><span class='ocrx_word' id='word_1_281' title='bbox 137 2612 204 2658; x_wconf 72' lang='lat' dir='ltr'><strong>&#39;ent</strong></span> 
     </span>
    </p>

    <p class='ocr_par' dir='ltr' id='par_1_8' title="bbox 140 2668 600 2726">
     <span class='ocr_line' id='line_1_36' title="bbox 140 2668 600 2726; baseline -0.002 -11"><span class='ocrx_word' id='word_1_282' title='bbox 140 2669 195 2715; x_wconf 69' lang='lat' dir='ltr'><strong>&#39;As</strong></span> <span class='ocrx_word' id='word_1_283' title='bbox 206 2679 232 2715; x_wconf 89' lang='lat' dir='ltr'><strong>to</strong></span> <span class='ocrx_word' id='word_1_284' title='bbox 242 2678 266 2716; x_wconf 86' lang='lat' dir='ltr'><strong>at</strong></span> <span class='ocrx_word' id='word_1_285' title='bbox 278 2671 347 2725; x_wconf 84' lang='lat' dir='ltr'><strong>enirn,</strong></span> <span class='ocrx_word' id='word_1_286' title='bbox 360 2684 401 2716; x_wconf 85' lang='lat' dir='ltr'><strong>see</strong></span> <span class='ocrx_word' id='word_1_287' title='bbox 414 2668 512 2726; x_wconf 89' lang='lat' dir='ltr'><strong>Zumpt,</strong></span> <span class='ocrx_word' id='word_1_288' title='bbox 525 2668 538 2719; x_wconf 76' lang='lat' dir='ltr'><strong>h</strong></span> <span class='ocrx_word' id='word_1_289' title='bbox 549 2671 600 2715; x_wconf 86' lang='grc'><strong><em>349.</em></strong></span> 
     </span>
    </p>

    <p class='ocr_par' dir='ltr' id='par_1_9' title="bbox 111 2722 1025 2843">
     <span class='ocr_line' id='line_1_37' title="bbox 140 2722 1025 2785; baseline -0.005 -11"><span class='ocrx_word' id='word_1_290' title='bbox 140 2726 231 2774; x_wconf 76' lang='lat' dir='ltr'><strong>&#39;‘You</strong></span> <span class='ocrx_word' id='word_1_291' title='bbox 242 2727 303 2775; x_wconf 87' lang='lat' dir='ltr'><strong>have</strong></span> <span class='ocrx_word' id='word_1_292' title='bbox 316 2744 346 2775; x_wconf 90' lang='lat' dir='ltr'><strong>no</strong></span> <span class='ocrx_word' id='word_1_293' title='bbox 363 2728 438 2775; x_wconf 92' lang='lat' dir='ltr'><strong>doubt</strong></span> <span class='ocrx_word' id='word_1_294' title='bbox 455 2729 516 2774; x_wconf 89' lang='lat' dir='ltr'><strong>been</strong></span> <span class='ocrx_word' id='word_1_295' title='bbox 534 2725 687 2774; x_wconf 83' lang='lat' dir='ltr'><strong>accustomed</strong></span> <span class='ocrx_word' id='word_1_296' title='bbox 705 2734 729 2772; x_wconf 91' lang='lat' dir='ltr'><strong>to</strong></span> <span class='ocrx_word' id='word_1_297' title='bbox 746 2723 806 2785; x_wconf 83' lang='lat' dir='ltr'><strong>fight</strong></span> <span class='ocrx_word' id='word_1_298' title='bbox 824 2722 884 2771; x_wconf 87' lang='lat' dir='ltr'><strong>with</strong></span> <span class='ocrx_word' id='word_1_299' title='bbox 899 2722 976 2782; x_wconf 80' lang='lat' dir='ltr'><strong>ievv;&#39;</strong></span> <span class='ocrx_word' id='word_1_300' title='bbox 990 2741 1025 2775; x_wconf 75' lang='lat' dir='ltr'><strong>an</strong></span> 
     </span>
     <span class='ocr_line' id='line_1_38' title="bbox 111 2785 693 2843; baseline -0.002 -11"><span class='ocrx_word' id='word_1_301' title='bbox 111 2785 208 2832; x_wconf 88' lang='lat' dir='ltr'><strong>ironical</strong></span> <span class='ocrx_word' id='word_1_302' title='bbox 219 2796 341 2843; x_wconf 85' lang='lat' dir='ltr'><strong>sentence,</strong></span> <span class='ocrx_word' id='word_1_303' title='bbox 355 2787 390 2834; x_wconf 86' lang='lat' dir='ltr'><strong>for</strong></span> <span class='ocrx_word' id='word_1_304' title='bbox 401 2787 442 2834; x_wconf 88' lang='lat' dir='ltr'><strong>the</strong></span> <span class='ocrx_word' id='word_1_305' title='bbox 454 2786 562 2843; x_wconf 91' lang='lat' dir='ltr'><strong>opposite</strong></span> <span class='ocrx_word' id='word_1_306' title='bbox 574 2786 594 2832; x_wconf 88' lang='lat' dir='ltr'><strong>is</strong></span> <span class='ocrx_word' id='word_1_307' title='bbox 606 2793 693 2832; x_wconf 86' lang='lat' dir='ltr'><strong>meent.</strong></span> 
     </span>
    </p>

    <p class='ocr_par' dir='ltr' id='par_1_10' title="bbox 138 2841 880 2905">
     <span class='ocr_line' id='line_1_39' title="bbox 138 2841 880 2905; baseline -0.003 -14"><span class='ocrx_word' id='word_1_308' title='bbox 138 2843 221 2891; x_wconf 82' lang='lat' dir='ltr'><strong>“We</strong></span> <span class='ocrx_word' id='word_1_309' title='bbox 232 2845 307 2904; x_wconf 84' lang='lat' dir='ltr'><strong>ought</strong></span> <span class='ocrx_word' id='word_1_310' title='bbox 319 2857 343 2893; x_wconf 91' lang='lat' dir='ltr'><strong>to</strong></span> <span class='ocrx_word' id='word_1_311' title='bbox 354 2846 414 2893; x_wconf 86' lang='lat' dir='ltr'><strong>have</strong></span> <span class='ocrx_word' id='word_1_312' title='bbox 426 2845 529 2905; x_wconf 88' lang='lat' dir='ltr'><strong>thought</strong></span> <span class='ocrx_word' id='word_1_313' title='bbox 541 2859 603 2903; x_wconf 91' lang='lat' dir='ltr'><strong>upon</strong></span> <span class='ocrx_word' id='word_1_314' title='bbox 614 2860 657 2890; x_wconf 91' lang='lat' dir='ltr'><strong>our</strong></span> <span class='ocrx_word' id='word_1_315' title='bbox 668 2842 739 2890; x_wconf 87' lang='lat' dir='ltr'><strong>small</strong></span> <span class='ocrx_word' id='word_1_316' title='bbox 750 2841 880 2890; x_wconf 73' lang='lat' dir='ltr'><strong>numbers.¹</strong></span> 
     </span>
    </p>

    <p class='ocr_par' dir='ltr' id='par_1_11' title="bbox 109 2901 1023 3083">
     <span class='ocr_line' id='line_1_40' title="bbox 139 2901 1022 2963; baseline 0 -13"><span class='ocrx_word' id='word_1_317' title='bbox 139 2902 184 2950; x_wconf 75' lang='lat'><strong>⁸⁴1</strong></span> <span class='ocrx_word' id='word_1_318' title='bbox 195 2902 256 2950; x_wconf 88' lang='lat' dir='ltr'><strong>have</strong></span> <span class='ocrx_word' id='word_1_319' title='bbox 266 2919 325 2962; x_wconf 88' lang='lat' dir='ltr'><strong>your</strong></span> <span class='ocrx_word' id='word_1_320' title='bbox 335 2906 419 2952; x_wconf 85' lang='lat' dir='ltr'><strong>valour</strong></span> <span class='ocrx_word' id='word_1_321' title='bbox 430 2921 456 2952; x_wconf 88' lang='lat' dir='ltr'><strong>ns</strong></span> <span class='ocrx_word' id='word_1_322' title='bbox 466 2920 506 2963; x_wconf 91' lang='lat' dir='ltr'><strong>my</strong></span> <span class='ocrx_word' id='word_1_323' title='bbox 515 2914 598 2962; x_wconf 89' lang='lat' dir='ltr'><strong>surety</strong></span> <span class='ocrx_word' id='word_1_324' title='bbox 605 2903 622 2950; x_wconf 74' lang='grc' dir='ltr'><strong>ε’</strong></span> <span class='ocrx_word' id='word_1_325' title='bbox 635 2906 715 2950; x_wconf 82' lang='lat' dir='ltr'><strong>vadem</strong></span> <span class='ocrx_word' id='word_1_326' title='bbox 741 2904 875 2960; x_wconf 76' lang='lat' dir='ltr'><strong>mederique</strong></span> <span class='ocrx_word' id='word_1_327' title='bbox 883 2901 903 2948; x_wconf 90' lang='lat' dir='ltr'><strong>is</strong></span> <span class='ocrx_word' id='word_1_328' title='bbox 912 2917 929 2948; x_wconf 83' lang='lat' dir='ltr'><strong>a</strong></span> <span class='ocrx_word' id='word_1_329' title='bbox 936 2901 1022 2951; x_wconf 87' lang='lat' dir='ltr'><strong>rheto-</strong></span> 
     </span>
     <span class='ocr_line' id='line_1_41' title="bbox 109 2958 1023 3022; baseline 0 -12"><span class='ocrx_word' id='word_1_330' title='bbox 109 2961 167 3010; x_wconf 77' lang='lat' dir='ltr'><strong>rieul</strong></span> <span class='ocrx_word' id='word_1_331' title='bbox 177 2961 309 3021; x_wconf 83' lang='lat' dir='ltr'><strong>pleonasm.</strong></span> <span class='ocrx_word' id='word_1_332' title='bbox 338 2964 384 3010; x_wconf 88' lang='lat' dir='ltr'><strong>See</strong></span> <span class='ocrx_word' id='word_1_333' title='bbox 396 2963 673 3022; x_wconf 72' lang='lat' dir='ltr'><strong>Zumpt‚hlt2,cdfln.</strong></span> <span class='ocrx_word' id='word_1_334' title='bbox 727 2958 1023 3011; x_wconf 80' lang='lat' dir='ltr'><strong>arissheiliucriminul</strong></span> 
     </span>
     <span class='ocr_line' id='line_1_42' title="bbox 109 3020 572 3083; baseline -0.004 -13"><span class='ocrx_word' id='word_1_335' title='bbox 109 3020 185 3075; x_wconf 76' lang='lat' dir='ltr'><strong>ttiuls.</strong></span> <span class='ocrx_word' id='word_1_336' title='bbox 197 3037 265 3083; x_wconf 81' lang='lat' dir='ltr'><strong>praes</strong></span> <span class='ocrx_word' id='word_1_337' title='bbox 277 3034 383 3081; x_wconf 84' lang='lat' dir='ltr'><strong>asorety</strong></span> <span class='ocrx_word' id='word_1_338' title='bbox 394 3023 419 3069; x_wconf 91' lang='lat' dir='ltr'><strong>in</strong></span> <span class='ocrx_word' id='word_1_339' title='bbox 429 3022 485 3070; x_wconf 90' lang='lat' dir='ltr'><strong>civil</strong></span> <span class='ocrx_word' id='word_1_340' title='bbox 496 3037 572 3069; x_wconf 88' lang='lat' dir='ltr'><strong>cases.</strong></span> 
     </span>
    </p>

    <p class='ocr_par' dir='ltr' id='par_1_12' title="bbox 106 3077 1024 3307">
     <span class='ocr_line' id='line_1_43' title="bbox 116 3077 1024 3149; baseline -0.001 -20"><span class='ocrx_word' id='word_1_341' title='bbox 116 3090 120 3099; x_wconf 93' lang='grc'><em>“</em></span> <span class='ocrx_word' id='word_1_342' title='bbox 137 3079 210 3129; x_wconf 75' lang='lat' dir='ltr'><strong>‘The</strong></span> <span class='ocrx_word' id='word_1_343' title='bbox 221 3080 326 3149; x_wconf 83' lang='lat' dir='ltr'><strong>genitive</strong></span> <span class='ocrx_word' id='word_1_344' title='bbox 337 3080 364 3127; x_wconf 87' lang='lat' dir='ltr'><strong>of</strong></span> <span class='ocrx_word' id='word_1_345' title='bbox 377 3099 417 3142; x_wconf 81' lang='lat' dir='ltr'><strong>ego</strong></span> <span class='ocrx_word' id='word_1_346' title='bbox 427 3082 448 3128; x_wconf 89' lang='lat' dir='ltr'><strong>is</strong></span> <span class='ocrx_word' id='word_1_347' title='bbox 458 3081 518 3129; x_wconf 90' lang='lat' dir='ltr'><strong>used</strong></span> <span class='ocrx_word' id='word_1_348' title='bbox 529 3079 622 3128; x_wconf 87' lang='lat' dir='ltr'><strong>instead</strong></span> <span class='ocrx_word' id='word_1_349' title='bbox 639 3079 667 3126; x_wconf 86' lang='lat' dir='ltr'><strong>of</strong></span> <span class='ocrx_word' id='word_1_350' title='bbox 679 3079 720 3126; x_wconf 93' lang='lat' dir='ltr'><strong>the</strong></span> <span class='ocrx_word' id='word_1_351' title='bbox 738 3077 856 3138; x_wconf 82' lang='lat' dir='ltr'><strong>adjective</strong></span> <span class='ocrx_word' id='word_1_352' title='bbox 872 3094 947 3135; x_wconf 78' lang='lat' dir='ltr'><strong>meur,</strong></span> <span class='ocrx_word' id='word_1_353' title='bbox 961 3079 1024 3142; x_wconf 85' lang='lat' dir='ltr'><strong>only</strong></span> 
     </span>
     <span class='ocr_line' id='line_1_44' title="bbox 109 3135 1024 3197; baseline -0.001 -8"><span class='ocrx_word' id='word_1_354' title='bbox 109 3139 213 3189; x_wconf 70' lang='lat' dir='ltr'><strong>bennum</strong></span> <span class='ocrx_word' id='word_1_355' title='bbox 224 3149 242 3186; x_wconf 88' lang='lat' dir='ltr'><strong>rt</strong></span> <span class='ocrx_word' id='word_1_356' title='bbox 253 3139 274 3186; x_wconf 87' lang='lat' dir='ltr'><strong>is</strong></span> <span class='ocrx_word' id='word_1_357' title='bbox 285 3139 391 3197; x_wconf 89' lang='lat' dir='ltr'><strong>opposed</strong></span> <span class='ocrx_word' id='word_1_358' title='bbox 400 3152 424 3187; x_wconf 91' lang='lat' dir='ltr'><strong>to</strong></span> <span class='ocrx_word' id='word_1_359' title='bbox 434 3142 541 3194; x_wconf 68' lang='lat' dir='ltr'><strong>metium.</strong></span> <span class='ocrx_word' id='word_1_360' title='bbox 555 3139 600 3187; x_wconf 85' lang='lat' dir='ltr'><strong>end</strong></span> <span class='ocrx_word' id='word_1_361' title='bbox 611 3138 629 3186; x_wconf 91' lang='lat' dir='ltr'><strong>it</strong></span> <span class='ocrx_word' id='word_1_362' title='bbox 646 3139 666 3186; x_wconf 90' lang='lat' dir='ltr'><strong>is</strong></span> <span class='ocrx_word' id='word_1_363' title='bbox 682 3137 743 3186; x_wconf 83' lang='lat' dir='ltr'><strong>rarel</strong></span> <span class='ocrx_word' id='word_1_364' title='bbox 770 3135 898 3196; x_wconf 89' lang='lat' dir='ltr'><strong>employed</strong></span> <span class='ocrx_word' id='word_1_365' title='bbox 913 3152 980 3187; x_wconf 90' lang='lat' dir='ltr'><strong>even</strong></span> <span class='ocrx_word' id='word_1_366' title='bbox 995 3139 1024 3188; x_wconf 87' lang='lat' dir='ltr'><strong>iu</strong></span> 
     </span>
     <span class='ocr_line' id='line_1_45' title="bbox 106 3153 933 3307; baseline -0.005 -59"><span class='ocrx_word' id='word_1_367' title='bbox 106 3198 195 3307; x_wconf 56' lang='lat' dir='ltr'><strong>uuphAe</strong></span> <span class='ocrx_word' id='word_1_368' title='bbox 203 3213 268 3253; x_wconf 82' lang='lat' dir='ltr'><strong>ease,</strong></span> <span class='ocrx_word' id='word_1_369' title='bbox 281 3197 317 3280; x_wconf 71' lang='lat' dir='ltr'><strong>¹for</strong></span> <span class='ocrx_word' id='word_1_370' title='bbox 327 3215 387 3246; x_wconf 77' lang='lat' dir='ltr'><strong>meos</strong></span> <span class='ocrx_word' id='word_1_371' title='bbox 399 3199 480 3246; x_wconf 90' lang='lat' dir='ltr'><strong>would</strong></span> <span class='ocrx_word' id='word_1_372' title='bbox 491 3199 551 3246; x_wconf 84' lang='lat' dir='ltr'><strong>have</strong></span> <span class='ocrx_word' id='word_1_373' title='bbox 563 3200 625 3246; x_wconf 83' lang='lat' dir='ltr'><strong>been</strong></span> <span class='ocrx_word' id='word_1_374' title='bbox 636 3197 677 3245; x_wconf 89' lang='lat' dir='ltr'><strong>the</strong></span> <span class='ocrx_word' id='word_1_375' title='bbox 688 3153 783 3258; x_wconf 80' lang='lat' dir='ltr'><strong>regular</strong></span> <span class='ocrx_word' id='word_1_376' title='bbox 793 3195 855 3244; x_wconf 79' lang='lat' dir='ltr'><strong>form</strong></span> <span class='ocrx_word' id='word_1_377' title='bbox 865 3195 933 3245; x_wconf 89' lang='lat' dir='ltr'><strong>here.</strong></span> 
     </span>
    </p>

    <p class='ocr_par' dir='ltr' id='par_1_13' title="bbox 190 3269 279 3307">
     <span class='ocr_line' id='line_1_46' title="bbox 190 3269 279 3307; baseline -0.011 0"><span class='ocrx_word' id='word_1_378' title='bbox 190 3269 279 3307; x_wconf 82' lang='lat' dir='ltr'><strong>tonos.</strong></span> 
     </span>
    </p>

    <p class='ocr_par' dir='ltr' id='par_1_14' title="bbox 99 3312 1023 3439">
     <span class='ocr_line' id='line_1_47' title="bbox 109 3312 1023 3379; baseline -0.001 -12"><span class='ocrx_word' id='word_1_379' title='bbox 109 3316 218 3367; x_wconf 78' lang='lat' dir='ltr'><strong>··¹·&#39;l’ltis</strong></span> <span class='ocrx_word' id='word_1_380' title='bbox 227 3334 279 3379; x_wconf 81' lang='lat' dir='ltr'><strong>que,</strong></span> <span class='ocrx_word' id='word_1_381' title='bbox 292 3315 383 3376; x_wconf 86' lang='lat' dir='ltr'><strong>though</strong></span> <span class='ocrx_word' id='word_1_382' title='bbox 395 3315 468 3364; x_wconf 82' lang='lat' dir='ltr'><strong>found</strong></span> <span class='ocrx_word' id='word_1_383' title='bbox 479 3317 502 3364; x_wconf 93' lang='lat' dir='ltr'><strong>in</strong></span> <span class='ocrx_word' id='word_1_384' title='bbox 514 3316 546 3365; x_wconf 88' lang='lat' dir='ltr'><strong>all</strong></span> <span class='ocrx_word' id='word_1_385' title='bbox 557 3315 599 3364; x_wconf 87' lang='lat' dir='ltr'><strong>the</strong></span> <span class='ocrx_word' id='word_1_386' title='bbox 610 3314 779 3374; x_wconf 85' lang='lat' dir='ltr'><strong>manuscripts,</strong></span> <span class='ocrx_word' id='word_1_387' title='bbox 792 3312 880 3363; x_wconf 91' lang='lat' dir='ltr'><strong>should</strong></span> <span class='ocrx_word' id='word_1_388' title='bbox 890 3316 920 3362; x_wconf 88' lang='lat' dir='ltr'><strong>be</strong></span> <span class='ocrx_word' id='word_1_389' title='bbox 932 3315 1023 3366; x_wconf 78' lang='lat' dir='ltr'><strong>struck</strong></span> 
     </span>
     <span class='ocr_line' id='line_1_48' title="bbox 99 3372 1023 3439; baseline -0.003 -11"><span class='ocrx_word' id='word_1_390' title='bbox 99 3382 156 3427; x_wconf 61' lang='lat' dir='ltr'><strong>nt.</strong></span> <span class='ocrx_word' id='word_1_391' title='bbox 183 3376 244 3437; x_wconf 50' lang='lat' dir='ltr'><strong>,rte</strong></span> <span class='ocrx_word' id='word_1_392' title='bbox 260 3376 365 3439; x_wconf 88' lang='lat' dir='ltr'><strong>position</strong></span> <span class='ocrx_word' id='word_1_393' title='bbox 380 3374 408 3424; x_wconf 85' lang='lat' dir='ltr'><strong>ol</strong></span> <span class='ocrx_word' id='word_1_394' title='bbox 419 3374 462 3423; x_wconf 90' lang='lat' dir='ltr'><strong>the</strong></span> <span class='ocrx_word' id='word_1_395' title='bbox 472 3375 553 3425; x_wconf 86' lang='lat' dir='ltr'><strong>words</strong></span> <span class='ocrx_word' id='word_1_396' title='bbox 567 3375 612 3423; x_wconf 82' lang='lat' dir='ltr'><strong>hes</strong></span> <span class='ocrx_word' id='word_1_397' title='bbox 629 3374 668 3422; x_wconf 89' lang='lat' dir='ltr'><strong>led</strong></span> <span class='ocrx_word' id='word_1_398' title='bbox 677 3389 744 3423; x_wconf 86' lang='lat' dir='ltr'><strong>some</strong></span> <span class='ocrx_word' id='word_1_399' title='bbox 755 3372 804 3421; x_wconf 88' lang='lat' dir='ltr'><strong>esrl</strong></span> <span class='ocrx_word' id='word_1_400' title='bbox 833 3373 1023 3425; x_wconf 76' lang='lat' dir='ltr'><strong>transcribente</strong></span> 
     </span>
    </p>
   </div>
   <div class='ocr_carea' id='block_1_7' title="bbox 93 3429 1025 3501">
    <p class='ocr_par' dir='ltr' id='par_1_15' title="bbox 93 3429 1025 3501">
     <span class='ocr_line' id='line_1_49' title="bbox 93 3429 1025 3501; baseline -0.016 -8"><span class='ocrx_word' id='word_1_401' title='bbox 93 3434 197 3491; x_wconf 58' lang='lat' dir='ltr'><strong>mn</strong></span> <span class='ocrx_word' id='word_1_402' title='bbox 207 3438 263 3490; x_wconf 72' lang='lat' dir='ltr'><strong>that</strong></span> <span class='ocrx_word' id='word_1_403' title='bbox 275 3438 318 3491; x_wconf 85' lang='lat' dir='ltr'><strong>the</strong></span> <span class='ocrx_word' id='word_1_404' title='bbox 330 3456 370 3490; x_wconf 79' lang='lat' dir='ltr'><strong>ons</strong></span> <span class='ocrx_word' id='word_1_405' title='bbox 381 3437 405 3488; x_wconf 83' lang='lat' dir='ltr'><strong>is</strong></span> <span class='ocrx_word' id='word_1_406' title='bbox 421 3434 589 3501; x_wconf 68' lang='lat' dir='ltr'><strong>govetnstlhv</strong></span> <span class='ocrx_word' id='word_1_407' title='bbox 599 3429 815 3496; x_wconf 53' lang='lat' dir='ltr'><strong>permovebant</strong></span> <span class='ocrx_word' id='word_1_408' title='bbox 828 3444 847 3475; x_wconf 72' lang='lat' dir='ltr'><strong>a</strong></span> <span class='ocrx_word' id='word_1_409' title='bbox 855 3433 1025 3492; x_wconf 47' lang='lat' dir='ltr'><strong>&amp;misul</strong></span> 
     </span>
    </p>
   </div>
   <div class='ocr_carea' id='block_1_8' title="bbox 0 0 1142 3772">
    <p class='ocr_par' dir='ltr' id='par_1_16' title="bbox 0 0 1142 3772">
     <span class='ocr_line' id='line_1_50' title="bbox 0 0 1142 3772; baseline 0 0"><span class='ocrx_word' id='word_1_410' title='bbox 0 0 1142 3772; x_wconf 95' lang='lat' dir='ltr'><strong> </strong></span> 
     </span>
    </p>
   </div>
  </div>
 </body>
</html>
