2274 3772
154 68 191 123 52
419 84 457 123 uu
481 83 587 124 essars
609 85 792 124 aaaxsuuar.

151 201 307 244 concurrunt
336 192 370 245 ad
400 192 516 245 delenda
538 192 669 261 praesidia
693 194 842 248 Persarum.
889 196 940 255 Qui
964 195 1056 268 territi,

152 270 241 313 tamen
259 278 336 330 spem
354 262 483 313 retinendi
502 263 655 330 Aegyptum
680 279 730 315 non
749 265 903 317 omiserunt.
941 265 990 318 Sed
1010 283 1058 320 eos

151 334 290 399 Amyntas,
311 331 409 399 proelio
432 340 574 401 superatos,
595 332 619 383 in
638 331 730 384 urbem
749 333 892 403 compellit,
911 335 1056 404 castrisque

152 400 243 521 positis
256 401 367 453 victores
385 399 419 452 ad
440 399 602 470 populandos
621 418 702 467 agros,
717 403 789 454 velut
811 403 835 455 in
856 403 943 455 medio
963 405 1058 473 positis

171 471 266 533 ostium
290 469 410 538 cunctis,¹
428 469 582 537 agebantur.
618 471 710 537 ltaque
736 472 871 541 Mazaces,
891 489 1057 542 quamquam

153 538 251 590 infelici
275 539 371 607 proelio
402 556 507 592 suorum
536 539 639 591 animos
669 542 770 593 territos
800 559 859 594 esse
890 553 1056 613 cognoverat,

78 647 81 654 .
152 618 240 660 tamen
260 608 428 676 parauisset
443 608 568 661 victoriae
589 607 686 661 fiducia
707 611 825 663 incautos
843 622 984 681 ostentans,
998 630 1056 681 per-

152 677 218 748 pulit
236 693 270 729 ne
289 677 441 730 dubitarent
455 695 488 730 err
507 677 572 730 urbe
591 695 729 748 erumpere
749 688 775 730 et
795 697 835 732 res
851 682 965 734 amissas
982 698 1056 734 recu·

171 765 270 805 erare.»
290 747 319 800 ld
339 747 476 801 consilium
496 765 546 800 non
568 747 665 800 ratione
684 748 845 818 prudentius,
859 767 937 818 quam
958 763 1056 805 eventu.

152 764 267 869 ielicius³
284 815 348 870 fuit:
372 816 406 869 ad
424 833 508 869 unum
526 819 628 868 omnes⁴
647 834 708 870 cum
728 818 782 886 ipso
801 818 868 871 duce
887 820 966 872 occisi
985 831 1055 872 sunt.

152 886 206 938 Has
219 902 317 956 poenas
328 890 460 956 Amyntas
479 886 583 954 utrique
604 888 658 954 regi
679 887 760 955 dedit,
774 887 855 940 nihilo
874 890 959 956 magis
978 889 1003 941 ei
1021 890 1055 943 ad

152 972 232 1025 quem
248 955 421 1026 transfugerat
433 956 510 1024 lidus,
524 972 605 1024 qnam
618 956 655 1017 illi
667 959 747 1025 quem
760 957 921 1010 deseruerat.
971 955 976 983 ²

188 1031 211 1078 6.
233 1025 312 1078 Darei
336 1034 477 1097 praetores,
495 1027 540 1093 qui
564 1025 661 1096 proelio
679 1026 748 1094 apud
767 1027 838 1079 lsson
859 1027 1053 1099 superfuerant,

152 1111 215 1147 cum
227 1095 298 1147 omui
310 1113 400 1163 manu,
413 1112 481 1164 quae
494 1094 626 1162 fugientes
637 1104 804 1165 secutaerat,
818 1105 955 1166 assumpta
974 1098 1056 1153 etiam

152 1165 339 1234 Cappadocum
349 1174 377 1218 et
390 1164 588 1234 Paphlagonum
606 1163 751 1233 juventute,
765 1165 785 1216 L
798 1166 878 1218 ydiam
897 1183 1053 1236 recuperare

152 1234 326 1304 temptabant.
362 1236 517 1302 Antigonus,
542 1244 646 1302 praetor
671 1183 824 1303 Alexandri,
851 1235 951 1305 Lydiae
981 1254 1056 1306 prae·

152 1315 221 1356 erat:
242 1304 293 1373 qui,
314 1320 477 1373 quamquam
496 1303 634 1372 plerosque
654 1301 769 1356 militurn
794 1321 828 1356 ex
851 1305 999 1373 praesidiis⁵
1020 1307 1055 1360 ad

152 1389 243 1440 regem
254 1373 396 1441 dimiserat,
407 1383 497 1426 tamen
506 1372 624 1424 barbaris
636 1374 737 1442 spretis,
749 1373 774 1424 in
785 1373 873 1426 aciem
881 1392 942 1428 suos
954 1375 1054 1430 eduxit.

152 1441 255 1496 Eadem
269 1442 321 1494 illic
333 1459 438 1512 quoque
450 1441 553 1495 fortuna
571 1442 686 1511 partium
704 1442 768 1495 fuit:
788 1443 873 1496 tribus·
884 1445 991 1513 proeliis
1002 1443 1056 1499 alia

151 1521 230 1580 atque
247 1512 305 1563 *alia
328 1511 444 1579 regione⁸
462 1512 617 1579 commissis
643 1513 738 1565 Persae
752 1512 914 1582 'finduntur
951 1513 1056 1568 Eodem

150 1590 269 1651 ternpore
282 1580 374 1633 classis
385 1580 565 1634 Macedonum
582 1598 616 1634 ex
633 1583 745 1634 Graecia
756 1584 847 1651 amita,
861 1583 1054 1654 Aristomenen,

150 1652 194 1720 qui
207 1652 241 1704 ad
254 1650 415 1720 Hellesponti
428 1659 500 1703 oram
521 1651 729 1720 recuperandam
740 1668 756 1702 a
768 1652 853 1703 Dareo
873 1663 928 1721 erat
949 1653 1054 1724 missus,

150 1723 234 1791 captis
252 1720 311 1791 ejus
327 1728 372 1773 aut
390 1721 485 1775 mersis
502 1720 615 1774 navibus
632 1727 746 1790 superat.
783 1725 806 1772 A
824 1721 940 1775 Milesiis
957 1721 1055 1776 deinde

150 1790 338 1844 Pharnabazus
354 1789 505 1860 praefectus
525 1790 647 1843 Persicae
668 1791 761 1842 classis
780 1791 894 1859 pecunia
912 1801 1013 1859 exacta,
1028 1801 1056 1846 et

150 1861 279 1930 praesidio
309 1860 336 1913 in
365 1860 459 1913 urbem
489 1859 585 1913 Chium
615 1859 768 1927 introducto,
802 1871 910 1912 centum
940 1861 1056 1916 naribus

149 1930 279 1998 Andrum,
293 1939 319 1982 et
337 1929 398 1985 inde
416 1929 543 1998 Siphnum
561 1925 647 1998 petiit.
682 1929 737 1982 Has
752 1946 856 1998 quoque
869 1929 967 1982 insulas
979 1946 1055 2001 prae·

150 1999 223 2051 sidiis
237 2009 355 2068 occupat,
393 1999 487 2051 ecunia
510 1998 626 2051 multat.⁷
660 1998 817 2066 Magnitudo
837 1998 906 2068 belli,
928 2001 997 2068 quod
1018 2000 1055 2055 ab

150 2068 355 2136 opulentissimis
368 2017 488 2137 Curopae
501 2068 634 2137 Asiaeque
647 2069 752 2136 regibus
765 2069 787 2120 in
802 2086 879 2138 spem
891 2069 971 2122 totius
982 2069 1055 2123 orbis

148 2137 294 2207 occupandi
306 2137 453 2204 gerebatur,
467 2136 594 2190 Graeciae
606 2153 710 2206 quoque
731 2148 756 2189 ct
777 2139 870 2190 Cretae
890 2155 963 2190 arma
981 2155 1054 2192 coru-

148 2217 277 2260 moverat.
315 2207 386 2274 Agis,
400 2205 669 2259 Lacedaemoniorum
684 2225 735 2274 rex,
749 2216 807 2259 octo
819 2207 927 2261 milibus
940 2209 1054 2263 Graeco·

150 2296 215 2345 rum,
228 2278 272 2346 qui
286 2295 320 2330 ex
332 2277 423 2329 Cilicia
434 2275 537 2345 profugi
551 2276 643 2329 domos
656 2278 821 2346 reperierant,
835 2277 982 2346 contractis,
996 2277 1054 2331 bel·

148 2348 203 2401 lum
225 2349 360 2416 Antipatro
380 2346 556 2399 Macedoniae
575 2345 708 2415 praefecto
726 2346 891 2415 moliebatur,
911 2346 1055 2402 Cretenses

150 2563 156 2584 ι
178 2506 183 2526 ¹
196 2501 242 2546 ‘As
253 2499 274 2546 if
285 2499 321 2577 all·
328 2498 368 2546 the
380 2497 531 2558 possessione
542 2496 571 2544 of
572 2520 575 2524 *
582 2496 622 2544 the
639 2496 782 2557 enemy'had
799 2498 861 2544 been
876 2497 949 2575 giren
960 2497 1011 2558 up‚’
1025 2514 1055 2548 or

166 2557 360 2676 aflabiliiiiliiiing
370 2618 452 2670 about,
466 2615 567 2662 without
578 2614 689 2663 restraint
700 2626 727 2662 or
738 2616 807 2662 care'

176 2675 241 2722 'We
258 2675 371 2722 translate
391 2674 431 2721 the
450 2687 564 2721 sentence
576 2674 634 2722 with
648 2675 728 2733 ‘quite
745 2675 795 2722 ust’
811 2675 874 2722 ‘this
890 2674 988 2722 scheme
1000 2691 1054 2725 was

148 2735 262 2842 pppi'peps
281 2733 440 2793 successfully
456 2733 582 2828 execnted‚
600 2749 626 2781 as
643 2733 660 2781 it
677 2749 728 2781 wos
750 2733 878 2794 pmdemly
893 2748 921 2781 or
941 2733 1055 2796 skilt'ully

177 2859 185 2880 ⁴
197 2852 248 2919 ‘All
259 2864 308 2932 to’a
319 2867 373 2900 man
382 2852 398 2909 ς’
412 2850 463 2921 that
475 2851 504 2907 is,
517 2852 583 2899 since
595 2852 635 2899 the
646 2869 709 2929 anas
721 2852 742 2926 is
753 2851 872 2908 included,
887 2851 935 2899 ‘all
946 2851 1053 2902 without

147 2922 300 3040 'exiliiliilnof
307 2970 347 3038 the
356 2980 440 3076 stroup
449 2970 537 3038 places,
547 2970 627 3017 where
637 2970 667 3017 he
678 2970 725 3018 had
733 2970 870 3031 garrisonsl
899 2970 1055 3021 Praesidium

147 3047 167 3079 rs
178 3030 237 3078 both
249 3046 262 3076 a
272 3043 378 3090 garnson
386 3034 418 3076 'an
447 3041 578 3089 agarrtson
590 3038 662 3076 town.

122 3108 126 3121 ·
175 3089 247 3136 'The
259 3102 344 3148 proper
359 3103 428 3148 prose
444 3088 584 3147 expression
603 3089 623 3136 is
640 3091 667 3136 ia
684 3091 783 3153 regmae.
815 3089 862 3136 See
875 3087 980 3139 Grani
996 3091 1052 3148 307,

148 3152 246 3257 1''nllbd
257 3207 351 3255 fortune
362 3205 455 3275 'prored
470 3205 542 3254 fiokle
554 3207 577 3276 in
588 3206 751 3276 Alexanderjs
763 3207 827 3254 main
837 3222 913 3314 armp,
927 3206 957 3254 he
968 3208 1054 3258 would

146 3266 207 3316 have
219 3266 266 3315 had
276 3282 290 3314 a
300 3280 351 3313 war
361 3282 385 3313 m
396 3266 433 3314 his
445 3281 504 3320 rear,
518 3265 606 3321 which,
619 3265 771 3326 considerrng
781 3265 822 3314 the
833 3266 886 3315 drea
905 3265 975 3314 acted
985 3276 1054 3318 state

146 3325 174 3376 of
187 3327 288 3383 Greece,
301 3326 376 3387 might
390 3327 449 3373 hire
461 3325 550 3384 proved
560 3325 700 3386 daugerous.
