2274 3772
135 55 174 110 64
387 66 440 110 'aa
465 66 573 110 orsrrs
594 69 780 109 ausxrrroru.

133 179 202 233 mari
214 179 330 234 subruit:
344 195 394 232 nec
403 178 458 231 ulla
466 187 522 232 tam
530 179 606 232 firma
614 177 699 231 moles
707 187 756 248 est,
767 195 847 247 quam
856 194 907 232 non
916 179 1045 236 exedant!

136 248 222 302 undae
242 258 270 302 et
289 266 337 319 per
355 265 440 303 nexus
459 265 565 318 operum
587 258 732 318 manantes,
747 259 780 317 et,
795 249 839 300 ubi
858 250 944 301 acrior
961 249 1043 304 flatus

136 319 231 389 existit,
256 319 353 371 summi
379 318 465 387 operis
494 318 596 385 fastigio
626 319 801 386 superfusae.²
836 319 942 371 Praeter
971 319 1042 373 hanc

135 387 321 441 difficultatem
341 387 414 440 haud
434 388 518 440 minor
537 388 589 439 alia
609 399 679 439 erat:
703 405 793 440 muros
813 400 947 457 turresque
968 389 1043 442 urbis

135 457 283 526 praealtum
296 474 369 510 mare
381 458 531 510 ambiebat:
545 474 595 509 non
608 465 737 509 tormenta
749 458 798 510 nisi
807 476 822 511 e
831 457 942 510 navibus
951 459 1043 527 procul

136 543 249 580 excussa
261 527 349 597 mitti,³
360 544 411 580 non
424 527 512 579 scalae
524 527 664 589 moenibus
675 527 800 596 applicari
814 536 948 596 poterant:
967 545 1042 597 prae·

135 613 167 648 ce
187 614 200 648 s
219 597 246 649 in
263 597 350 650 salum
367 614 460 649 murus
477 596 599 666 pedestre
618 597 792 665 interceperat
811 598 874 650 iter:
894 613 977 651 naves
991 614 1042 651 nce

135 614 252 718 hahebat
272 684 324 735 rex,
343 675 377 734 et,
397 667 419 718 si
437 665 606 734 admovisset,
619 665 766 735 pendentes
782 675 808 718 et
824 666 961 719 instabiles
979 667 1041 720 mis·

136 735 229 788 silibus
245 737 329 788 arsen
345 744 474 806 poterant.
511 735 580 788 luter
591 752 659 804 quae
673 752 754 804 parva
765 735 838 789 dictu
851 753 892 788 res
903 736 1042 805 Tyriorum

136 804 264 858 fiduciam
274 805 405 858 accendit.
441 805 695 874 Carthaginiensium
713 803 793 873 legmi
805 807 838 858 ad
851 805 1043 860 celebrandum

135 892 240 928 sacrum
264 875 470 940 anniversarium
496 875 672 944 morerpatrio
697 884 759 928 tuno
779 883 919 928 venerant:
944 875 1043 945 quippe

136 945 321 1013 Carthaginem
335 945 408 1014 Tyrii
421 944 601 1012 condiderunt,
616 961 721 1013 semper
739 954 878 1012 pareutum
896 944 952 1007 loco
967 945 1042 998 culti.

135 1014 236 1067 Hortari
255 1031 316 1083 ergo
335 1015 414 1066 Poeni
434 1022 586 1083 coeperunt,
603 1022 630 1066 ut
647 1013 810 1066 obsidionem
825 1015 882 1067 lorti
894 1014 986 1067 animo
997 1031 1043 1083 pa-

135 1092 266 1153 terentur,
279 1084 354 1137 brevi
367 1083 522 1151 Carthagine
535 1083 633 1136 auxilia
646 1092 763 1137 ventura.
793 1085 917 1152 Namque
931 1100 963 1135 ea
976 1092 1043 1137 tem·

135 1163 238 1223 pestate
253 1172 347 1222 magna
360 1172 392 1207 ex
405 1163 478 1222 parte
492 1153 598 1205 Punicis
610 1151 738 1207 elassibus
750 1154 833 1207 maria
845 1153 1042 1208 obsidebantur.

171 1229 194 1276 9.
215 1224 295 1292 Igitur
316 1223 387 1276 bello·
402 1222 516 1290 decreto,
531 1225 586 1290 per⁴
599 1239 686 1281 muros
699 1232 836 1292 turresque
849 1221 1043 1288 tormentadis·

135 1305 242 1362 ponunt,
256 1311 330 1346 arma
341 1292 628 1362 junioribusdividunt,
642 1293 757 1360 opifices,
768 1309 880 1362 quorum
892 1293 968 1362 copia
979 1293 1044 1347 urbs

135 1362 295 1426 abundabat,
319 1364 344 1414 in
368 1361 491 1435 officinas
512 1361 678 1414 distribuunt.
714 1363 809 1415 Omnia
831 1361 893 1415 belli
914 1372 1043 1432 apparatu

136 1441 269 1500 strepunt:
291 1431 392 1484 l'erreae
410 1448 513 1499 quoque
533 1449 627 1484 manus
645 1433 826 1502 (Harpagonas
844 1434 957 1503 vocant),
976 1449 1045 1500 quas

134 1501 260 1570 operibus
277 1500 392 1564 hostium
409 1500 555 1570 injicerent,
569 1502 702 1570 corvique⁵
715 1511 741 1553 et
753 1501 805 1553 alia
817 1501 922 1554 luendis
934 1501 1045 1555 urbibus

135 1571 284 1638 excogitata
296 1570 527 1640 praeparabantur.
542 1571 602 1629 ,Sed
616 1589 676 1624 curn
691 1571 840 1623 fornacibus
852 1570 958 1640 serrum,
971 1571 1043 1640 quod

135 1641 232 1694 excudi
244 1640 387 1709 oportebat,
401 1640 552 1709 impositum
566 1651 642 1709 osset,
655 1641 821 1709 admotisque
834 1638 939 1693 follibus
953 1642 1042 1708 ignem

135 1710 200 1764 flatu
218 1712 401 1778 accenderent,
421 1712 555 1777 sanguinis
573 1711 619 1762 rivi
639 1711 688 1763 suh
708 1710 771 1778 ipsis
790 1711 905 1763 flammis
923 1711 1043 1764 extitisse

135 1780 270 1833 dicuutur:
291 1780 370 1849 idque
382 1798 459 1832 omen
474 1780 499 1832 in
513 1779 804 1832 Macedonum-metum
814 1790 947 1833 verterunt
958 1779 1043 1848 Tyrii.

135 1851 213 1919 Apud
226 1850 390 1904 Macedonas
402 1867 505 1920 quoqne
519 1867 581 1902 oum
599 1849 664 1901 forte
682 1867 781 1918 panem
799 1849 907 1917 quidam
926 1849 1043 1903 rnilitum

135 1919 294 1989 frangerent,
307 1922 441 1972 manantis
453 1920 587 1988 sauguinis
598 1931 685 1987 guttas
698 1929 861 1972 notaverunt.
887 1921 1044 1988 Territaque

136 2006 205 2057 rege,
227 1991 389 2057 Aristander,
414 1990 588 2057 peritissimus
612 2000 710 2057 vatum,
735 1989 757 2040 si
782 1990 943 2041 extrinsecus
967 2006 1044 2043 eruor

132 2058 264 2126 fluxisset,
278 2058 471 2111 Macedonibus
483 2059 507 2110 id
522 2060 593 2109 triste
609 2058 733 2126 loturum,
746 2059 798 2111 ait:
819 2067 915 2125 contra,
928 2076 991 2111 curn
1006 2059 1044 2112 ab

135 2128 257 2180 interiore
276 2137 349 2198 parte
367 2128 521 2195 manaverit,
536 2127 601 2194 urbi,
617 2144 698 2196 quam
715 2128 837 2181 obsidere
855 2127 1042 2198 destinassent,

62 2237 64 2240 -
135 2199 244 2251 exitium
260 2197 423 2267 portendere.
460 2197 679 2250 Alexandercum
692 2207 718 2248 et
731 2198 844 2251 classem
857 2198 946 2266 procul
960 2197 1043 2251 habe-

135 2277 174 2321 ret
196 2278 221 2320 et
234 2269 340 2336 longam
353 2266 518 2319 obsidionem
532 2283 626 2334 magno
639 2265 692 2318 sibi
701 2267 735 2318 ad
748 2277 836 2318 cetera
849 2266 1043 2335 impedimento

135 2308 237 2390 videret
256 2338 319 2407 fore,
333 2336 529 2404 caduceatores,
549 2337 593 2405 qni
612 2336 644 2388 ad
664 2353 758 2405 paoem
778 2353 824 2390 ecs
841 2337 1042 2407 compellerent,

134 2409 220 2460 misit:
240 2425 306 2477 qnos
317 2406 391 2478 Tyrii
404 2417 493 2471 contra
506 2405 552 2476 jus·
560 2406 678 2474 gentium
692 2408 792 2459 occisos
803 2406 1043 2476 praecipitaverunt

134 2477 160 2529 in
173 2478 266 2530 altum.
303 2481 390 2546 Atque
409 2476 454 2528 ille
471 2493 578 2529 suorum
598 2484 654 2528 tam
665 2475 772 2544 indigna
785 2484 868 2528 morte
881 2484 1041 2546 commotus,

134 2546 227 2615 urbem
240 2546 360 2600 obsidere
373 2544 482 2598 statuit.⁸

164 2657 170 2678 ¹
184 2651 238 2698 ‘To
249 2651 345 2711 destroy
357 2653 389 2711 by
401 2646 525 2711 degresss
783 2710 785 2713 ι

161 2716 172 2740 ²
183 2710 337 2770 ‘Streaming
347 2726 405 2758 over
416 2711 456 2756 the
468 2720 508 2768 top
520 2709 548 2760 oi
555 2710 595 2758 the
606 2710 691 2758 work!
725 2710 816 2759 Summi
826 2710 846 2759 is
857 2710 999 2769 pleonastic‚
1012 2727 1043 2762 as

133 2769 152 2817 it
163 2769 184 2817 is
195 2769 321 2817 contained
332 2770 356 2816 in
365 2771 420 2829 scat
427 2772 432 2781 '
448 2771 503 2816 ium.

162 2834 171 2857 ⁸
184 2835 189 2854 ⁶
200 2828 274 2875 Shots
285 2829 353 2876 could
366 2829 422 2888 only
448 2844 461 2874 e
474 2828 567 2875 thrown
577 2828 638 2876 from
648 2845 662 2876 a
673 2828 795 2885 distance;
808 2827 912 2888 hemely,
925 2827 987 2877 from
997 2829 1042 2880 tbc

133 2888 217 2947 ships!
254 2887 401 2935 Tomentum
412 2903 467 2946 may
475 2888 508 2934 be
519 2887 613 2946 applied
624 2899 649 2935 to
660 2887 700 2934 the
712 2888 780 2948 thing
790 2889 893 2944 thrown,
907 2903 933 2936 os
944 2888 1001 2936 well
1012 2905 1042 2939 as

132 2959 158 2996 to
169 2948 209 2995 the
222 2947 331 2995 machine
343 2947 422 2994 which
434 2945 531 2994 throws.

161 3013 170 3036 ⁴
183 3007 361 3066 ‘Everywhere
373 3006 444 3066 along
456 3005 496 3053 the
508 3005 585 3061 walls,
598 3005 644 3054 and
655 3022 686 3054 on
694 3006 735 3054 the
746 2988 851 3055 terrers)
878 3006 925 3054 See
937 3006 1038 3068 Zumpt,

132 3067 263 3174 Aliphe&
276 3125 384 3172 ‘ravens'
398 3140 461 3171 were
472 3124 544 3183 sharp
555 3124 606 3171 iron
618 3124 703 3172 books.

146 3192 169 3256 ι·
181 3186 235 3233 The
244 3185 354 3254 ordinary
363 3184 501 3254 distinction
511 3185 621 3231 between
630 3197 776 3265 opptrqaara⁴
788 3189 828 3253 ‘to
836 3184 945 3253 assaulty'
957 3198 985 3233 cr
996 3186 1039 3255 be·

131 3242 1041 3362 ttttttttthtlllutilatttlhtllttelttttttttlilet

131 3363 213 3420 mult)
226 3379 254 3411 or
266 3369 305 3411 ‘to
316 3363 408 3411 sturm!
