2274 3772
489 215 582 255 areca
602 215 667 256 rur.
974 197 1031 255 aot

120 302 191 378 XXX
214 323 327 379 delectis
350 324 521 395 praemiserat
545 341 599 392 rex,
621 332 648 377 et
670 324 725 395 jam
746 341 865 394 pugnare
887 325 1039 379 cornminus

67 399 70 404 ’
121 402 278 464 coeperant3
297 395 343 446 sed
357 411 418 446 oum
438 411 551 462 superne
569 394 623 465 tela
640 393 741 447 barbari
760 395 916 463 ingererent,
930 395 1038 464 saepius

120 463 170 534 ipsi
200 463 370 531 feriebantur,
395 480 477 543 quam
506 463 690 517 vulnerabant.
726 465 795 532 Ergo
824 464 984 534 Alexander,
1009 473 1038 518 et

120 534 236 587 nominis
254 534 295 587 sui
315 543 343 586 et
362 533 483 602 promissi
507 534 617 601 memor,
638 533 703 587 dum
723 535 811 587 acrius
830 551 912 602 quam
932 534 1038 588 cautius

119 603 236 672 dimicat,
266 602 404 657 confossus
433 602 550 671 undique
579 603 715 656 obruitur.¹
761 603 849 662 Quem
877 611 907 656 ut
936 604 1037 668 Charus

119 672 254 743 jacentem
272 673 417 742 conspexit,
430 689 507 725 ruere
525 672 552 725 in
570 672 683 743 hostem,
696 673 817 729 omnium
835 683 940 742 praeter
958 673 1035 727 ultio·

119 760 182 795 nem
211 743 360 808 immernor,
385 742 478 811 coepit,
503 742 654 810 multosque
682 741 766 811 hasta,
790 744 919 812 quosdam
946 742 1035 810 gladio

109 813 253 865 interemit
261 828 268 880 5
287 811 335 864 sed
348 829 410 864 cum
423 820 459 864 tot
472 829 554 864 unum
568 814 729 866 incesserent
746 829 849 882 manus,
863 829 942 882 super
953 813 1035 866 amici

119 898 215 951 corpus
238 881 376 950 procubuit
399 881 536 934 exanimis.
579 882 658 934 Hand
683 900 769 952 secus,
794 899 874 951 quam
897 899 945 951 par
967 890 1033 954 erat,

119 951 376 1020 promptissimorum
402 950 530 1019 juvenum
556 961 758 1021 ceterorumque
784 951 901 1004 militum
924 951 1033 1007 interitu

119 1031 269 1073 commotus
281 1037 328 1073 rex
340 1020 445 1088 signum
457 1020 576 1090 receptui
587 1020 670 1073 dedit.
689 1021 771 1074 Saluti
784 1021 844 1091 fuir,
853 1020 924 1091 quod
933 1023 1033 1076 sensim

119 1097 148 1142 et
160 1089 284 1157 intrepidi
296 1105 325 1142 ee
339 1098 510 1159 receperunt,
528 1099 555 1142 et
567 1091 680 1161 barbari,
694 1090 798 1144 hostem
816 1091 953 1160 depulisse
971 1108 1032 1145 con·

120 1160 194 1226 tenti,
208 1176 259 1211 non
272 1158 391 1211 institere
403 1159 571 1213 cedentibus.
594 1223 596 1226 Α

154 1235 197 1280 41.
216 1229 340 1281 Ceterum
360 1228 511 1282 Alexander
529 1246 591 1282 oum
612 1230 747 1282 statuisset
768 1229 896 1282 desistere
917 1230 1031 1298 incepto,

120 1297 230 1367 (quippe
248 1297 320 1351 nulla
338 1315 400 1367 spes
416 1298 560 1421 perdundae
573 1309 663 1368 petrae
676 1298 856 1370 offerebatur),
870 1307 959 1352 tamen
973 1315 1032 1368 spe-

119 1369 190 1420 ciem
214 1367 328 1420 ostendit
352 1369 377 1421 in
401 1385 417 1420 o
437 1367 538 1421 'aldione
562 1369 764 1439 perseverantis.
800 1370 871 1422 Nam
892 1377 919 1421 et
939 1369 1033 1421 itinera

119 1437 237 1491 obsideri
244 1436 328 1507 jussit,
342 1446 368 1490 ct
382 1446 465 1491 turres
473 1438 619 1507 admoveri,
630 1446 656 1491 et
669 1438 785 1506 fatigatis
797 1439 864 1491 alios
876 1438 1031 1491 succedere.

118 1506 200 1576 Cujus
219 1507 363 1576 pertinacia
381 1508 492 1577 cognita,
512 1509 570 1561 lndi
590 1526 636 1576 per
653 1509 765 1562 biduum
784 1508 894 1578 quidem
914 1525 947 1560 ac
964 1507 1032 1561 duas

118 1586 217 1646 noctes,
231 1593 294 1630 cum
311 1580 486 1630 ostentatione
504 1595 556 1631 non
574 1577 688 1631 fiduciae
706 1579 794 1647 modo,
814 1578 861 1631 sed
880 1579 963 1630 etiam
976 1577 1031 1631 vic·

118 1648 207 1715 toriae,
229 1644 330 1715 epulati
350 1655 419 1716 sunt,
441 1657 568 1717 tympana
592 1664 640 1701 suo
664 1665 737 1702 more
757 1648 902 1718 pulsantes.
938 1647 1031 1700 Tertia

118 1733 181 1768 vero
204 1725 281 1769 nocte
306 1725 491 1786 tympanorum
516 1719 625 1786 quidem
650 1718 775 1787 strepitus
794 1717 908 1770 desierat
928 1718 1031 1784 audiri3

116 1795 237 1839 ceterum
258 1803 291 1838 ex
312 1795 366 1838 tota
387 1796 462 1856 petra
480 1786 556 1838 faces
575 1786 748 1855 refulgebant,
769 1804 835 1855 quas
852 1785 1031 1838 accenderant

116 1854 229 1921 barbari,
249 1865 278 1908 ut
298 1855 377 1908 tutior
397 1864 467 1908 esset
487 1856 553 1923 ipsis
572 1856 643 1924 suga,
663 1856 776 1908 obscura
794 1865 872 1907 nocte
892 1873 939 1924 per
958 1855 1031 1906 invia

117 1941 181 1977 sarra
205 1924 327 1976 cursoris.
363 1924 427 1993 Rex,
452 1924 568 1993 Balacro,
593 1925 638 1994 qui
661 1925 850 1993 specularetur,
875 1925 1029 1992 praemisso,

116 1993 251 2060 cognoscit
271 2001 373 2061 petram
394 1993 457 2062 suga
476 1993 602 2047 ludorum
621 2010 681 2046 esse
701 1993 844 2046 desertam.
880 1994 949 2046 Turn
968 1993 1030 2046 dato

117 2063 200 2130 signo,
229 2071 257 2114 ut
283 2063 400 2115 universi
430 2063 635 2131 conclamarent,
663 2064 750 2116 incom
786 2063 836 2115 site
866 2061 1031 2131 fugientibus

117 2143 219 2184 metum
249 2131 367 2186 incussit.
407 2131 550 2202 Multique,
576 2142 702 2202 tanquam
730 2140 838 2185 aesset
867 2132 958 2202 hostis,
983 2148 1030 2202 per

116 2199 219 2254 lubrica
242 2218 313 2269 saxa,
338 2218 437 2272 perque
462 2202 547 2255 invias
570 2211 644 2255 cotes
688 2202 835 2272 raecipitati
858 2201 1030 2270 occiderunt3

116 2269 208 2338 plures
224 2270 313 2340 aliqua
331 2272 511 2325 mombromm
529 2281 603 2342 parte
621 2220 739 2342 mulcati,
753 2273 788 2326 ab
806 2272 914 2340 integris
930 2270 1029 2324 deserti

116 2350 185 2392 sunt.
221 2341 278 2393 Rex
296 2341 412 2394 locorum
429 2343 514 2410 magis
525 2359 607 2410 quam
619 2341 735 2396 hostium
749 2343 839 2411 victor,
853 2351 942 2394 tamen
955 2354 1029 2408 mag·

116 2425 180 2460 nam
192 2409 329 2462 victoriam
341 2409 479 2464 sacrificiis
491 2409 516 2463 el
530 2410 696 2464 cultudeum
710 2410 795 2463 fecit.2
831 2414 899 2463 Arae
916 2411 941 2462 in
954 2420 1029 2479 petra

115 2477 218 2531 locatae
239 2488 298 2532 sunt
318 2480 458 2533 Minervae
478 2479 671 2549 Victoriaeque.
708 2480 826 2533 Ducibus
845 2479 955 2548 itineris,
976 2495 1028 2548 quo

115 2547 205 2601 subire
222 2547 336 2617 jusserat
354 2549 449 2602 leviter
465 2549 600 2616 armatos,a
618 2550 668 2602 etsi
680 2549 815 2619 promissis
826 2549 928 2601 minora
941 2565 1029 2617 praea-

116 2617 229 2687 titerant,
244 2619 358 2688 pretium
377 2635 439 2672 cum
457 2619 510 2672 fide
523 2619 656 2672 redditum
669 2628 718 2671 est.
754 2619 849 2672 Petrae
863 2617 1028 2688 regionisque

115 2687 140 2739 ei
155 2686 297 2757 adjunctae
310 2687 439 2741 Sisocosto
452 2689 686 2758 tutelapermissa.
723 2687 788 2740 Inde
801 2688 927 2757 processit
943 2689 1028 2741 Ecbo-

114 2755 195 2809 lima:
215 2766 241 2810 et
259 2775 322 2810 cum
340 2759 477 2826 angustias
494 2758 595 2811 itineris
607 2757 724 2811 obsideri
735 2759 783 2810 XX
795 2757 903 2810 milibus
914 2766 1027 2811 armato·

115 2842 171 2879 rum
191 2827 226 2879 ab
245 2827 321 2880 Erice
340 2827 455 2897 quodam
471 2828 651 2897 comperisset,
665 2828 773 2896 gravius
783 2842 881 2894 agmen
894 2827 1028 2881 exercitus

143 2936 151 2958 ²
164 2931 217 2978 ‘Hc
229 2931 249 3000 is
260 2931 353 3014 struck,
363 2933 411 2980 and
420 2932 502 2981 buried
511 2933 587 2981 under
595 2949 610 2980 a
618 2948 683 2981 masa
691 2931 719 2980 of
726 2930 831 2980 missiles
840 2931 935 2980 thrown
943 2942 967 2980 at
976 2932 1027 2981 him

112 2989 217 3109 52¹¹}ssss
228 2990 329 3133 ‹iiieer'ing
339 3050 460 3100 sacrifices
470 3051 501 3101 he
512 3066 574 3112 gave
585 3050 627 3099 the
637 3051 730 3111 victory
741 3065 772 3099 an
782 3064 928 3111 appearance
940 3049 968 3098 of
980 3050 1025 3099 im·

112 3118 269 3217 mffiapgeiho
297 3169 366 3217 uides
376 3168 405 3216 of
411 3170 453 3218 the
464 3169 530 3238 road,
542 3179 568 3219 to
577 3169 657 3239 which
669 3169 729 3226 (that
741 3169 770 3226 is,
783 3178 809 3217 to
819 3169 860 3220 the
888 3151 1027 3236 uidesnho

113 3226 159 3275 had
171 3185 309 3297 shownutie
319 3244 373 3289 way
382 3238 407 3277 to
418 3229 460 3276 the
469 3239 545 3336 point,
555 3239 581 3277 to
590 3229 678 3282 which)
689 3229 719 3276 he
730 3228 777 3293 had
788 3185 889 3296 ordered
899 3226 940 3274 tire
951 3225 1024 3288 lrgbt·

112 3287 195 3335 armed
202 3287 311 3355 'soldrcra
320 3287 404 3357 (nuder
415 3287 470 3357 Mul
481 3295 544 3343 rous)
555 3299 581 3336 to
591 3287 696 3337 ascend!
723 3287 806 3357 These
817 3287 903 3348 gurdcs
914 3284 961 3334 had
972 3295 1024 3344 not,

113 3346 223 3414 accordrn
253 3357 277 3394 to
289 3347 352 3396 their
362 3363 476 3416 promise,
489 3347 529 3397 led
545 3348 586 3396 the
603 3346 777 3396 Macedoniam
789 3356 816 3394 to
825 3345 870 3392 tlte
878 3344 950 3402 peak.
955 3360 1032 3390 eaeo-

112 3403 168 3464 prod
179 3406 233 3464 byt
250 3407 430 3467 eberbarraost
442 3408 488 3458 but
496 3406 557 3472 they
564 3407 617 3458 laad
622 3406 736 3470 brouqlrt
743 3405 859 3454 tlierneu
865 3399 1058 3454 aetram&

108 3462 192 3511 attaclr
204 3477 255 3512 was
262 3466 421 3526 practicabls.
609 3480 612 3485 ·
827 3499 830 3503 ‹
