2274 3772
119 36 158 93 Β
383 52 422 92 ns
446 50 553 91 orans
574 50 759 113 sarzanum.

117 176 181 215 cum
204 159 337 214 incondita
359 158 499 214 multitudo
523 160 641 213 maxime
663 168 768 228 propter
791 159 913 229 jumenta
935 159 1028 215 laxius

117 229 246 283 tenderet.
281 229 375 298 Itaque
393 245 425 280 ec
444 231 500 298 ipso
519 228 576 281 loco
596 228 689 282 metari
708 245 770 282 suos
787 239 873 281 castra
889 228 1027 310 jusserat,¹

117 299 211 368 laetus,
221 297 292 368 quod
299 299 372 351 omni
380 298 526 368 expetierat
536 300 639 367 roto,·in
653 297 706 350 illis
718 299 882 366 potissimum
891 299 1028 366 angustirs

116 367 314 423 decernendum
331 367 406 420 iore.²
441 369 572 435 Ceterum,
587 377 614 420 ut
626 367 692 419 solet
705 367 769 432 lieri,
783 385 843 420 curn
861 367 949 420 ultimi
963 367 1026 426 ,dis-

116 437 233 490 criminis
245 447 350 504 tempus
361 436 494 504 adventat,
509 440 533 489 in
547 437 750 490 sollicitudinem
764 453 838 489 versa
855 436 955 489 fiducia
972 447 1024 491 est.

117 505 193 561 lllam
203 508 286 575 ipsam
296 507 434 574 lortunam,
444 523 497 574 qua
505 508 637 575 aspirante
647 515 749 558 restam
762 522 884 574 prospere
891 517 1024 577 gesserat,

116 578 263 643 verebatur,
274 591 324 628 nec
335 576 428 644 injuria
440 592 474 627 ex
487 576 535 644 his,
545 593 613 644 quae
627 575 759 628 tribuisset
772 575 831 642 sibi,
841 592 922 646 quem
933 586 1024 628 muta-

115 645 176 699 bilis
195 653 273 715 esset,
295 645 448 714 reputabat:
473 661 553 698 unam
574 660 712 714 superesse
733 655 846 714 noctem,
865 661 934 714 quae
953 646 1024 698 tanti

115 714 277 768 discriminis
293 722 437 767 moraretur
456 725 590 766 eventum.
625 715 724 766 Rursus
741 715 903 782 occurrebat,
921 713 1024 782 majora

115 782 241 854 periculis
253 784 376 854 praemia,
387 791 414 834 et
426 785 493 836 sicut
506 783 620 836 dubium
627 792 705 850 esset,
714 799 747 833 an
756 784 892 853 vinceret,³
905 785 941 836 ita
954 784 1022 837 illud

117 855 218 922 utique⁴
228 864 332 907 certum
344 869 411 920 esse,
420 852 531 905 honeste
543 865 568 904 et
582 870 644 905 cum
657 868 752 918 magna
765 852 843 904 laude
856 854 1022 906 moriturum.

116 922 207 992 Itaque
226 940 334 992 corpora
353 922 451 974 milites
467 939 560 975 curare
578 921 662 991 jussit,
675 938 706 972 ac
718 921 815 973 deinde
831 924 909 975 tertia
922 922 1023 990 vigilia⁵

115 993 255 1044 instructos
267 1003 293 1045 et
305 1003 419 1046 armatos
431 1008 497 1043 esse.
530 991 588 1060 lpse
601 991 627 1043 in
638 991 730 1060 jugum
742 991 805 1042 editi
820 994 916 1044 montis
924 999 1022 1045 'ascen-

116 1061 162 1131 dir,
176 1061 318 1132 multisque
337 1061 530 1114 collucentibus
548 1061 651 1112 facibus
669 1061 750 1128 patrio
768 1077 840 1112 more
859 1062 1022 1116 sacrificium

115 1129 167 1183 diis
177 1131 343 1200 praesidibus
354 1132 403 1183 loci
417 1131 489 1183 lecit.
518 1131 632 1198 Jamque
645 1131 758 1196 tertium,
769 1130 836 1182 sicut
848 1141 1021 1199 praeceptum

115 1209 179 1270 erat,
192 1200 296 1268 signum
316 1202 379 1254 tuba
396 1199 475 1252 miles
492 1208 639 1268 acceperat,
662 1199 745 1252 itineri
766 1200 844 1252 simul
859 1210 971 1268 paratus
988 1219 1021 1254 ac

115 1270 226 1337 proelio:
246 1280 405 1338 strenueque
421 1267 485 1337 jussi
499 1269 647 1337 procedere,
660 1267 759 1321 oriente
772 1267 831 1320 luca
845 1280 1021 1338 pervenerunt

115 1339 147 1390 ad
168 1341 310 1408 angustias,
328 1356 395 1408 quas
414 1355 543 1407 occupare
563 1334 741 1389 decreverant.
780 1338 893 1391 Dareum
915 1339 1022 1407 triginta

115 1407 176 1460 inde
200 1409 283 1460 stadia
306 1408 401 1460 abesse
426 1407 562 1476 praemissi
583 1407 743 1460 indicabant.
779 1409 855 1460 Tunc
875 1411 1022 1463 consistere

114 1493 211 1544 agmen
223 1477 304 1546 jubet,
318 1477 451 1546 armisque
465 1478 520 1544 ipse
533 1477 646 1546 sumptis
657 1477 743 1528 aciem
756 1478 866 1531 ordinat.

150 1551 191 1598 22.
210 1547 294 1599 Dareo
305 1547 451 1599 adveutum
466 1545 581 1598 hostiurn
594 1546 680 1614 pavidi
693 1557 811 1612 agrestes
824 1548 1021 1619 nuntiaverunt,

114 1616 158 1669 vix
175 1616 292 1669 credenti
310 1632 447 1668 occurrere
465 1616 554 1684 etiam,
568 1632 634 1684 quos
651 1624 679 1667 ut
698 1614 832 1682 fugientes
850 1617 1023 1685 sequebatur.

114 1686 183 1754 Ergo
191 1702 243 1738 non
249 1685 390 1749 mediocris
398 1702 458 1737 omn
463 1686 517 1736 lunt
525 1686 626 1737 animos
635 1684 746 1737 lormido
754 1685 910 1738 incesserat:
920 1687 1022 1757 quippe

112 1755 198 1808 itineri
207 1772 287 1823 quam
296 1755 393 1824 proelio
402 1754 517 1824 aptiores
526 1764 598 1806 erant
608 1770 613 1806 :
628 1755 775 1822 raptimque
785 1771 858 1806 arma
867 1755 1019 1824 capiebant.

113 1823 164 1877 Sed
177 1825 235 1893 ipsa
246 1825 377 1878 festinatio
388 1825 592 1878 discurrentium
609 1840 722 1892 suosque
735 1823 768 1877 ad
781 1841 854 1876 arma
867 1825 1022 1879 vocantium

114 1894 241 1962 majorem
253 1904 354 1946 metum
368 1893 487 1947 incussit.
511 1894 562 1946 Alii
577 1894 602 1944 in
614 1894 707 1963 jugum
722 1894 817 1947 montis
828 1906 974 1962 evaserant,
990 1903 1021 1948 ut

112 1961 227 2016 hostiurn
238 1979 334 2030 agmen
348 1963 407 2016 inde
420 1963 613 2031 prospicerent,
631 1979 714 2030 equos
732 1961 852 2031 plerique
870 1963 1020 2018 frenabant.

113 2032 217 2085 Discors
241 2032 379 2100 exercitus,
400 2049 450 2083 nec
472 2031 505 2083 ad
529 2048 612 2083 unum
636 2032 752 2084 intentus
775 2032 923 2100 imperium,
947 2034 1020 2086 vario

111 2100 226 2154 tumultu
238 2110 334 2152 cuncta
345 2100 504 2153 turbaverat.
542 2101 642 2152 Dareus
654 2099 727 2152 initio
738 2100 941 2169 jugnmmontis
952 2118 1017 2158 curu

111 2179 186 2240 parte
204 2171 338 2238 copiarum
356 2186 485 2238 occupare
503 2169 602 2237 statuit,
615 2179 642 2221 et
657 2186 673 2220 a
686 2170 769 2221 ironte
782 2179 809 2222 et
821 2187 838 2222 a
850 2181 922 2238 tergo
933 2171 1018 2225 circu·

111 2240 224 2293 miturus
247 2237 358 2305 hostem,
380 2256 396 2291 a
417 2238 483 2291 mari
504 2255 616 2308 quoque,
637 2254 689 2308 quo
708 2239 830 2292 dextrum
854 2239 913 2310 ejus
936 2257 1018 2295 cornu

112 2309 257 2379 tegebatur,
270 2308 335 2361 alios
346 2309 505 2378 objecturus,
520 2320 547 2360 ut
560 2308 677 2377 undique
690 2318 804 2376 urgeret.
830 2309 937 2362 Praeter
949 2309 1018 2365 haec

111 2379 199 2448 viginti
225 2378 298 2431 milia
321 2380 465 2449 praemissa
485 2396 546 2432 curn
568 2378 761 2446 sagittariorum
781 2395 869 2447 manu,
889 2380 1018 2434 Pinarum

110 2465 226 2516 amnem,
236 2448 281 2518 qui
293 2448 346 2502 duo
357 2449 465 2516 agmina
477 2447 651 2515 interfluebat,
662 2448 779 2516 transire,
789 2455 816 2500 et
827 2447 943 2518 objicere
955 2465 1018 2503 sese

110 2517 291 2570 Macedonum
308 2518 391 2587 copiis
408 2518 535 2588 jusserat:
555 2518 577 2567 si
596 2515 623 2569 id
640 2526 773 2586 praestare
785 2533 835 2568 non
848 2531 963 2586 possent,
976 2535 1018 2572 re·

110 2586 245 2638 trocedere
263 2587 289 2638 in
307 2595 418 2655 montes,
439 2597 465 2638 et
484 2587 586 2637 occulte
606 2586 745 2638 circumire
765 2586 873 2639 ultimos
891 2585 1016 2641 hostium.

110 2655 233 2707 Ceterum
252 2654 382 2707 destinata
401 2656 539 2708 salubriter
556 2655 627 2706 omni
649 2654 748 2707 ratione
766 2657 894 2724 potentior
912 2655 1018 2710 fortuna

110 2723 233 2777 discussit
243 2723 262 2776 :⁰
280 2724 376 2793 quippe
394 2723 436 2775 alii
449 2741 511 2794 prae
524 2732 597 2776 metu
611 2724 749 2792 imperium
762 2725 857 2793 exequi
871 2741 922 2778 non
934 2726 1017 2797 aude·

115 2813 145 2863 w,
156 2832 273 2887 Jorrerai.
287 2832 452 2894 forjurar't‚·to
462 2849 561 2892 express
573 2835 683 2894 rapidity.
716 2835 763 2882 See
775 2836 873 2895 Zumpt,
887 2836 962 2888 lboss.

137 2892 256 2940 ’Curtius
268 2893 300 2940 mi
318 2892 343 2940 ht
355 2891 415 2939 hare
427 2893 478 2940 said
489 2896 656 2943 decmmdam
666 2911 722 2942 csse.

136 2908 340 3020 ⁸‘Whethqure
359 2951 440 2999 would
459 2963 499 2999 not
518 2954 640 3021 conquen‘
673 2953 728 3000 The
747 2954 888 3012 expression
905 2963 1017 3007 stataet

108 3011 191 3067 doubt,
213 3012 254 3059 but
274 3011 369 3070 rmplres
387 3010 438 3058 also
457 3011 498 3059 the
517 3012 661 3072 probability
680 3012 708 3060 of
723 3013 765 3061 the
784 3012 934 3062 affirmative.
966 3014 1016 3065 See

108 3071 207 3177 qunpAt,
217 3068 344 3177 ilibi'euts
352 3128 369 3185 ;’
385 3128 512 3176 ‘however
522 3139 623 3177 matters
634 3145 690 3189 may
700 3129 742 3178 lull
753 3132 812 3179 out!

135 3188 219 3237 *That
231 3187 261 3245 is,
274 3187 333 3236 after
344 3186 472 3248 midnight,
482 3204 509 3236 as
519 3188 560 3236 the
571 3188 641 3250 night
649 3204 701 3237 was
711 3189 807 3239 disided
818 3190 869 3239 into
879 3189 932 3240 lour
941 3158 1017 3252 aquai

107 3247 317 3365 Ἶῐῗὲῗιῗῐῑοῐοὰβ
333 3305 472 3356 ‘uussified'
