2274 3772
115 152 173 208 288
382 165 421 205 ua
445 165 551 205 oasrts
573 165 758 206 auxarum.

115 276 258 346 leonesque
276 291 350 328 rarae
366 275 557 341 magnitudinis
575 282 602 327 et
620 274 707 343 tigres,
720 283 879 346 utrumque
889 278 1032 333 animalad
1055 342 1057 347 ¹

114 344 348 401 mansuetudinem
376 344 514 405 domitum,
548 345 703 396 lacertarum
733 360 849 414 quoque
886 348 1033 418 ingentiora

149 415 207 484 lles,
226 427 253 467 et
273 415 351 467 dorsa
371 414 542 466 testudinum.
579 414 685 465 Cratero
707 412 812 467 deiude
839 416 966 487 imperat
988 436 1032 487 tea,

114 433 184 538 ffiud
207 484 295 554 procul
314 501 403 552 amne,
422 498 567 553 perquem
586 490 640 534 erat
661 482 717 551 ipae
734 483 934 557 navigaturus,
953 489 1034 569 cop'at

114 554 239 606 duceret:
258 570 305 606 eos
322 563 421 620 autern,
441 552 484 621 qui
503 551 623 605 comitari
640 568 702 604 eum
721 553 853 608 solebant
881 557 1033 629 impanatio

114 640 204 691 naves,
218 633 244 675 et
257 623 282 676 in
295 623 362 676 fines
379 621 532 674 Mallorum¹
551 620 668 673 secundo
678 636 759 673 amne
771 594 940 681 deraditur.
977 627 1033 682 lude

114 692 250 746 Sabarcas²
266 692 339 760 adiit,
359 691 476 743 validam
499 688 591 742 Indiae
613 699 730 759 gentem,
754 707 830 760 quae
858 697 968 775 populi,
991 714 1034 751 non

115 779 205 830 regum
226 763 334 831 irnperio
353 759 500 828 regebatur.
537 759 678 827 Sexaginta
700 759 776 812 milia
799 763 938 831 peditum
962 766 1035 821 habu

113 831 185 899 battt,
199 835 320 900 equitum
338 847 385 882 sex
403 829 492 882 milia:
510 826 559 881 has
574 828 663 899 copias
674 845 768 883 currus
778 832 936 902 quingenti
948 852 1036 907 sequa·

114 901 217 954 bantur.
253 902 320 953 Tres
336 899 419 952 duces
435 907 569 968 spectatos
584 900 680 951 virtute
698 897 796 953 bellica
808 901 975 972 elegerant.
1007 910 1036 960 At

114 971 159 1039 qui
177 970 202 1022 in
221 970 290 1038 agris
308 980 381 1021 erant
400 969 511 1038 proximi
529 967 631 1020 flumini
649 966 816 1039 (trequentes
836 983 942 1028 autem
962 975 1036 1044 vicos,

114 1040 231 1092 maxime
256 1040 282 1092 in
306 1040 362 1107 ripa
386 1037 533 1107 habebunt)
557 1045 585 1089 ut
607 1035 700 1089 videre
724 1045 811 1093 totum
836 1057 970 1114 amnem,
990 1061 1037 1115 qua

133 1108 228 1178 rospici
251 1117 361 1187 poterat,
380 1107 492 1175 navigiis
514 1114 683 1174 constratum,
702 1114 730 1158 et
752 1116 791 1161 tot
815 1111 949 1168 militurn
969 1131 1038 1169 arua

114 1127 250 1248 dulgentia,
276 1177 358 1230 territt
380 1192 449 1229 nova
472 1176 549 1246 lacis,
573 1174 684 1228 deorum
708 1178 865 1233 exercitum
899 1192 930 1236 et
962 1185 1038 1239 aliun

116 1247 241 1302 Liberum
260 1248 374 1316 Patrem,
387 1245 493 1299 celebre
511 1246 537 1298 in
558 1245 610 1299 illis
622 1243 746 1313 gentibus
757 1263 876 1312 nomen,
889 1252 1039 1307 adventata

114 1316 266 1370 credebant.
311 1317 380 1370 Hinc
406 1315 519 1369 militurn
547 1315 654 1383 clamor,
678 1315 739 1367 hinc
769 1332 918 1376 remorum

115 1387 254 1456 variaeque
272 1396 410 1439 nautarum
425 1402 506 1437 voces
519 1383 690 1438 hortantium⁸
706 1383 820 1453 pavidas
835 1405 929 1445 aures
948 1392 1040 1463 imple·

114 1465 215 1508 verant.
252 1456 321 1522 Ergo
339 1454 455 1507 universi
472 1454 507 1505 ad
525 1470 579 1523 ecs,
598 1453 644 1522 qui
661 1452 688 1505 in
705 1454 787 1507 armis
806 1468 902 1529 erant,
923 1470 1039 1530 currunt,

115 1523 201 1575 furere
221 1524 397 1591 clamitantes,
417 1531 523 1575 etcum
544 1523 596 1575 diis
615 1522 744 1592 proelium
767 1522 904 1582 inituros:
932 1532 1039 1601 navigia

114 1609 166 1644 nou
183 1609 260 1668 posse
279 1591 420 1659 numerari,
432 1609 503 1660 quae
519 1591 630 1644 invictos
641 1592 710 1645 viros
722 1591 864 1649 veherent.
908 1599 1040 1655 Tantum·

115 1678 165 1731 que
184 1679 211 1713 in
230 1661 376 1714 exercitum
395 1677 502 1715 suorum
519 1660 633 1714 intulere
652 1661 762 1732 terroris,
776 1673 805 1716 ut
823 1663 940 1734 legatos
951 1671 1040 1725 mitte·

115 1740 171 1783 rent
183 1740 291 1798 gentem
304 1728 450 1784 dedituros.

149 1804 190 1852 31.
210 1799 258 1853 llis
269 1801 295 1853 in
309 1799 390 1854 fidem
402 1799 527 1870 acceptis,
536 1798 571 1853 ad
583 1799 650 1853 alias
661 1797 758 1853 deinde
769 1811 869 1869 gentes
881 1818 985 1887 quarto
995 1809 1041 1864 dle

114 1868 242 1993 pervenit.
279 1870 369 1924 Nihilo
387 1869 446 1939 plus
463 1869 546 1922 animi
569 1869 612 1923 his
634 1870 693 1938 luit,
712 1886 793 1939 quam
813 1882 922 1930 ceteris
942 1877 1039 1933 fuerat.

128 1951 206 2009 taque
224 1940 319 2009 oppido
338 1939 375 1993 ibi
393 1939 516 2008 condito,⁴
531 1939 600 2007 quod
618 1939 806 1993 Alexandriam
822 1945 967 2021 cppellari
984 1949 1038 2018 jua-

114 2021 191 2075 serat,
211 2010 278 2062 filies
296 2026 395 2078 eorum,
414 2010 459 2078 qui
477 2008 610 2062 Musicani
628 2009 800 2079 appellantur,
820 2017 946 2068 intravit.
988 2019 1039 2072 Hic

113 2077 147 2129 de
160 2079 273 2130 Teriolte
286 2088 399 2146 satrape,
413 2096 491 2147 quem
512 2078 722 2146 Parapamisadis
741 2079 923 2155 praefecerat,
938 2086 1038 2141 iisdem

113 2148 285 2214 arguentibus
308 2149 456 2214 cognovi12⁵
479 2147 615 2215 multaque
636 2164 715 2200 arare
735 2165 767 2201 ac
788 2165 818 2201 su
859 2152 909 2205 rbe
936 2155 1037 2211 secisse

113 2216 264 2267 convictum
285 2216 395 2267 interfici
416 2215 501 2284 jussit.
537 2217 673 2286 Oxyartes,
695 2227 797 2287 praetor
855 2223 1036 2295 atrianorum,

113 2301 163 2337 non
177 2284 313 2338 absolutus
325 2284 410 2354 modo,
424 2284 565 2337 sedetiam
581 2285 639 2356 jure
651 2287 758 2339 amoris·
769 2288 911 2357 amplioris
926 2294 1036 2364 imperii

25 2410 28 2417 ,
113 2354 225 2408 donatus
243 2364 284 2407 est
301 2355 406 2408 finibus.
442 2354 591 2407 Musicanis
605 2355 703 2409 deinde
715 2355 741 2408 in
755 2356 888 2411 dicionem
904 2364 1036 2435 redactis,

113 2425 171 2478 urbi
183 2442 274 2478 eornm
286 2424 447 2495 praesidium
460 2425 593 2495 imposuit.
621 2426 685 2478 Inde
699 2425 826 2495 Praestos,
840 2436 870 2479 et
883 2429 980 2499 ipsam
994 2436 1035 2488 111.

112 2495 174 2547 diae
192 2504 309 2563 gentem,
330 2503 488 2565 perventum
508 2506 558 2547 est.
594 2494 747 2547 Porticanus
770 2512 816 2548 rex
839 2506 907 2568 erat,
932 2504 984 2572 qui
1004 2520 1036 2557 ω

113 2564 231 2617 munitae
244 2564 302 2617 urbi
315 2582 375 2617 cum
390 2581 486 2633 inagna
498 2581 578 2617 mann
592 2563 756 2633 popularium
769 2564 928 2622 incluserat.
956 2573 1035 2627 Hane

113 2633 263 2685 Alexander
275 2634 350 2685 tertio
359 2633 411 2704 die,
421 2651 502 2703 quam
514 2642 636 2702 coeperat
649 2632 777 2701 obsidere,
786 2652 819 2687 etr
839 2640 966 2704 ugnavit.
999 2643 1033 2697 Et

113 2702 272 2771 Porticanus,
285 2719 347 2756 cum
365 2704 393 2755 in
410 2720 501 2756 arcem
518 2702 688 2772 confugisset,
702 2702 803 2771 legatos
816 2652 851 2756 de
867 2709 1034 2766 condicione

141 2816 148 2838 ¹
160 2785 215 2856 The
226 2785 326 2863 modern
337 2813 386 2872 city
396 2811 424 2860 ol
432 2813 550 2881 Mooltan,
563 2828 595 2861 on
605 2812 647 2860 the
657 2812 760 2882 Chenab
772 2814 922 2873 (Acesines),
938 2821 963 2871 is
974 2839 1033 2884 sup·

112 2868 755 2980 ”tt‘lltltttltttllttlttltttttltlt.“¹l⁶·

140 2989 212 3034 ἩΑε
224 2987 281 3054 theg
292 2991 443 3096 encouraged
458 3007 504 3039 one
520 2991 620 3039 another
628 2991 644 3047 ;’
662 2966 768 3051 namely,
781 3002 807 3040 to
817 2996 913 3045 stretch
924 3006 953 3047 to
966 3000 1035 3051 their

111 3063 173 3102 cars,
186 3063 213 3095 or
224 3045 294 3094 toatd
307 3061 331 3093 tn
343 3062 389 3106 any
414 3061 465 3110 uty.

140 3114 148 3135 ⁴
160 3105 298 3175 According
309 3114 339 3173 ,to
356 3106 451 3163 Arrinn,
465 3109 513 3157 this
524 3109 574 3168 city
585 3124 636 3156 was
647 3109 708 3157 built
719 3120 743 3158 at
755 3110 796 3159 tlte
807 3111 874 3170 point
887 3115 978 3166 where
989 3119 1033 3168 the

113 3168 231 3214 Acesines
242 3163 296 3212 falls
308 3175 359 3211 into
367 3163 411 3232 the
423 3166 505 3216 Indua.

141 3226 224 3294 min
237 3224 884 3338 aptie,..1333grutgiecpffipnpppinpp
898 3232 1033 3287 ΜΨ

107 3286 404 3453 ffiddffiprdian’gdouide
420 3343 482 3403 right
499 3303 526 3392 df
538 3303 712 3406 relationshrffl:
728 3303 901 3408 fopndpypng
908 3295 1034 3407 {efflato

116 3419 131 3453 a
160 3417 212 3453 ero
256 3417 344 3453 oxatte.
1003 3438 1006 3443 .
