2274 3772
122 174 183 228 tet
392 185 431 226 nr
455 186 562 227 essrrs
582 185 763 226 stannum.

160 303 200 347 213.
222 297 277 363 Ego
289 296 361 347 rero¹
372 311 424 347 non
442 295 530 362 deero,
544 304 571 346 et
582 295 733 363 ubicunqne
745 284 891 362 pugnabo,
903 292 932 348 in
946 294 1042 349 theatro

125 375 251 418 terrarum
276 364 346 417 orbis
368 382 429 416 esse
453 382 496 417 me
520 365 636 416 credam.
674 363 748 415 Dabo
770 362 954 418 nobilitatem
980 365 1042 434 ign

125 434 224 488 bilibus
242 434 322 503 loeis3
345 435 462 503 aperiam
481 435 584 486 cunctis
604 431 728 501 gentibus
747 442 840 501 terras,
860 448 940 502 quas
957 445 1042 487 natura

126 503 202 572 longe
227 503 414 556 summoverat.
452 504 480 556 ln
504 502 546 555 his
568 502 691 571 operibus
713 501 835 568 extingui
862 501 938 556 mihi
958 504 982 556 si
999 503 1043 555 fors

126 573 164 627 ita
187 573 261 642 feret,
286 573 425 643 pulchrum
449 582 505 624 est:
530 589 562 623 ea
585 574 666 640 stirpe
690 587 749 623 sum
771 571 898 638 genitus,
927 582 958 626 ut
984 572 1042 626 mul·

126 645 192 696 tam²
205 643 283 712 prius,
296 659 376 712 quam
391 642 495 710 longam
504 642 587 693 vitam
599 641 712 692 debeam
724 656 740 690 o
759 650 826 692 tare.
858 642 1042 708 Obeecrovos,

126 714 239 782 cogitate
258 729 305 765 nos
319 713 475 782 pervenisse
495 711 522 763 in
541 719 630 774 terras,
645 710 723 778 quibu
766 709 896 763 feminae
915 712 955 765 ob
974 713 1043 765 virtu·

126 793 180 837 tem
194 782 396 835 celeberrimum
410 797 506 834 nomen
525 789 574 831 est.
610 779 682 837 Quas
702 778 780 831 urbes
800 777 974 834 Semiramis
991 799 1043 834 con·

126 851 213 905 diditl
243 868 310 921 quas
332 860 426 918 gentes
450 849 549 918 redegit
574 849 599 900 in
623 847 801 918 potestateml
833 860 949 970 quante
972 866 1044 921 open

127 921 217 975 molita
240 921 300 972 estl
336 919 460 973 Nondum
480 918 609 971 feminam
630 917 806 986 aequavimus
824 919 929 988 geria,
951 921 1044 990 etjam

127 1007 174 1042 nos
187 990 272 1042 laudis
284 989 392 1041 satietas
404 989 494 1057 cepitl
531 988 573 1040 Dii
586 987 701 1054 faveant,
712 986 812 1055 majora
824 988 926 1041 adhue
941 998 1043 1043 restant.

126 1058 178 1112 Sed
192 1060 225 1110 ita
239 1069 326 1112 nostra
338 1066 412 1110 erunt
431 1075 499 1126 quae
517 1056 632 1109 nondum
651 1056 795 1124 attigimus,
810 1057 833 1108 si
848 1057 924 1110 nihil
940 1075 1047 1129 parvum

126 1128 288 1196 duxerimus,
302 1127 327 1179 in
340 1144 392 1196 quo
405 1143 517 1194 magnae
528 1126 628 1194 gloriae
646 1125 720 1177 locus
736 1135 785 1176 est.
823 1126 882 1178 Vos
905 1131 992 1181 modo
1009 1145 1047 1181 me

125 1199 161 1251 ab
180 1197 304 1250 intestina
316 1195 408 1249 freuile
420 1205 447 1248 et
459 1196 664 1248 domesticorum
685 1193 786 1246 insidiis
805 1205 956 1262 praestate
979 1214 1048 1251 secu·

127 1270 211 1335 rum3⁴
225 1267 287 1320 belli
298 1266 444 1335 Martisque
453 1265 595 1318 discrimen
606 1264 757 1332 impavidus
765 1262 872 1318 subibo.
907 1266 1049 1337 Philippus

127 1335 153 1389 in
170 1338 229 1388 acie
248 1337 332 1405 tutior,
351 1352 432 1404 quam
452 1335 477 1387 in
496 1334 597 1387 theatro
614 1333 681 1387 fuit:
704 1332 820 1385 hostium
840 1350 951 1390 manus
969 1353 1049 1406 saepe

127 1406 226 1474 vitarit,
240 1407 356 1457 suorum⁶
368 1404 486 1471 effugere
499 1421 548 1455 non
562 1403 651 1456 valuit.
688 1400 808 1456 Aliorum
841 1419 941 1473 noque
956 1422 1048 1475 regum

126 1474 214 1526 exitus
231 1473 253 1526 si
273 1475 462 1542 reputaveritis,
483 1472 572 1540 plures
591 1491 607 1523 a
626 1471 688 1535 suis,
709 1488 789 1540 quam
813 1489 832 1523 a
877 1472 966 1527 hoste
986 1477 1049 1529 inte

126 1553 242 1611 remptos
255 1540 435 1594 numerabitis.
471 1541 603 1609 Ceterum,
616 1542 739 1610 quoniam
752 1540 816 1593 olim
831 1541 869 1594 rei
882 1544 1013 1611 agitatae
1024 1544 1049 1597 in

126 1612 214 1663 animo
228 1627 287 1663 meo
300 1627 369 1662 nunc
390 1610 550 1679 promendae
570 1611 673 1662 occasio
692 1609 781 1662 oblata
801 1619 851 1680 est,
867 1613 944 1666 mihi
966 1615 1049 1668 maxi·

125 1697 187 1733 mus
198 1679 316 1733 laborem
328 1688 407 1748 atque
426 1696 536 1748 operum
548 1695 666 1732 meorum
679 1681 728 1731 erit
740 1679 851 1748 fructus,
865 1681 887 1732 si
902 1683 1049 1754 Olympias

125 1759 211 1802 mater
235 1749 424 1802 immortalitati
447 1759 622 1816 consecretur,
646 1748 860 1817 quandocunque
891 1755 1047 1806 excesserit

126 1819 188 1872 vita.
218 1819 244 1872 Si
259 1819 367 1887 licuerit,
379 1819 435 1889 ipse
447 1818 586 1887 praestabo
598 1817 664 1870 hoo:
678 1819 700 1870 si
710 1835 754 1869 me
763 1821 936 1888 praeceperit
951 1821 1046 1888 fatum,

125 1904 173 1942 vos
184 1887 336 1941 mandasse·
348 1897 519 1942 mementote.
556 1891 597 1941 Ao
610 1899 664 1940 tum
677 1887 786 1956 quidem
803 1890 911 1940 amicos
924 1890 1045 1944 dimisit:

125 1967 244 2010 ceterum
258 1975 304 2026 per
315 1958 465 2028 complures
475 1959 533 2010 dies
546 1957 581 2010 ibi
595 1957 690 2009 stativa
702 1955 813 2008 habuit:
1009 1970 1012 1974 ·

161 2032 202 2078 27.
222 2029 294 2079 Haeo
314 2028 377 2079 dum
399 2030 424 2080 in
445 2028 519 2079 India
530 2037 662 2095 geruntur,
675 2026 770 2078 Graeci
789 2025 890 2079 milites
909 2046 1004 2098 nuper
1020 2032 1045 2082 in

124 2096 240 2148 colonias
251 2113 267 2145 a
279 2113 342 2162 rege
354 2097 460 2148 derlucti
473 2097 543 2148 circa
556 2097 656 2163 Bactra,
666 2105 722 2146 orta
734 2095 801 2146 inter
810 2096 882 2163 ipsos
895 2100 1043 2165 seditione,

125 2164 285 2231 defecerant,
299 2181 349 2215 non
364 2175 418 2217 tam
431 2165 580 2217 Alexandro
593 2164 697 2232 infensi,
710 2180 791 2232 quanr
804 2174 878 2225 metu
892 2170 1046 2237 supplicii.⁷

125 2258 202 2306 added
214 2261 286 2306 about
296 2274 341 2306 one
351 2274 407 2318 year
416 2271 441 2306 to
449 2260 508 2306 euch
517 2258 544 2306 of
552 2259 589 2306 lris
599 2262 720 2307 numbers.
748 2258 889 2308 Alexander
900 2250 1046 2313 succeeded

125 2328 151 2366 to
162 2318 202 2365 the
213 2333 303 2372 erown,
316 2329 339 2365 at
351 2318 392 2365 the
403 2317 475 2365 death
487 2317 514 2365 of
527 2319 564 2365 his
575 2318 660 2375 father,
673 2319 697 2366 in
709 2318 749 2366 the
761 2333 869 2366 summer
880 2320 909 2367 of
916 2325 967 2370 336
980 2339 1003 2370 a.
1012 2339 1042 2381 c.;

125 2393 162 2425 we
174 2393 213 2425 are
225 2393 279 2425 now
291 2377 315 2424 in
326 2377 367 2425 the
378 2393 485 2425 summer
496 2377 523 2424 of
530 2381 572 2426 326
586 2393 607 2425 e.
616 2393 651 2434 c.;
664 2378 838 2437 consequeutly
850 2388 894 2426 ten
906 2396 984 2439 years
996 2383 1044 2432 had

124 2437 231 2495 elapsed,
245 2437 290 2484 and
302 2452 338 2483 we
350 2436 436 2483 should
447 2436 509 2483 have
521 2435 566 2483 had
575 2454 664 2483 annum
675 2439 785 2485 decenum
796 2439 871 2498 regni.
901 2440 1000 2500 Again,
1013 2443 1043 2491 he

125 2512 175 2543 was
193 2498 252 2544 born
270 2496 293 2543 in
311 2496 453 2555 September
468 2499 511 2543 356
523 2511 585 2551 n.c.,
598 2495 645 2543 and
661 2511 719 2551 was,
733 2495 859 2552 therefore,
874 2512 933 2545 now
956 2501 1042 2562 nearly

125 2554 199 2659 thirty
210 2571 279 2622 years
290 2555 318 2602 of
330 2571 381 2616 age.
412 2613 416 2623 ι
616 2596 619 2601 .
704 2613 709 2623 Ι
792 2613 797 2623 ⁴
896 2615 901 2624 ι
976 2559 1005 2596 ⁴⁵⁸

132 2671 137 2681 ι
156 2619 162 2640 ¹
197 2631 234 2661 ero
247 2613 382 2699 introdupes
393 2614 430 2660 lus
441 2628 536 2662 nuswer
545 2622 569 2660 to
579 2613 619 2660 the
630 2622 741 2672 question
751 2612 828 2694 which
836 2612 866 2661 he
876 2614 987 2667 himself
994 2619 1042 2668 had

127 2671 1041 2800 filiifliili,‘lllllllllfo‘nlilllllcllllfaasnamua

125 2803 146 2836 re
160 2787 239 2842 douo,’
255 2796 284 2836 ‘a
295 2791 344 2838 neh
356 2791 413 2838 lile!

153 2851 162 2874 ³
171 2845 191 2893 F
193 2862 219 2893 or
229 2849 254 2894 in
263 2851 358 2907 quibus.-
375 2855 380 2875 ‘
390 2850 412 2896 in
421 2848 500 2896 which
508 2847 547 2896 the
557 2864 627 2896 name
634 2847 662 2895 of
668 2865 683 2896 a
692 2864 786 2897 woman
794 2849 814 2897 is
821 2864 880 2909 very
887 2850 1038 2911 illustrious‚

124 2921 156 2954 ou
167 2918 266 2976 accqunt
283 2908 310 2987 οξ
322 2907 365 2956 her
380 2908 519 2968 possessing
537 2908 577 2955 the
595 2908 694 2968 activity
705 2908 753 2957 and
769 2924 859 2969 energy
871 2912 973 2973 worthy
984 2914 1016 2962 cf
1027 2931 1042 2962 a

124 2971 304 3072 millirilliilbe
315 3040 374 3083 your
401 3036 435 3073 art
448 3037 474 3074 to
484 3025 587 3084 produce
599 3026 623 3073 in
634 3041 673 3074 me
684 3041 698 3074 a
709 3026 797 3087 feeling
812 3025 840 3073 of
851 3029 972 3089 security,
988 3031 1039 3081 dac.

124 3084 171 3153 and
182 3083 262 3152 thenl
274 3082 353 3151 shall!
411 3085 448 3132 his
464 3085 567 3154 English
583 3085 735 3154 supple-ment
750 3086 809 3134 ‘and
821 3085 924 3135 theu’is
941 3089 1040 3152 always

123 3143 225 3214 omitted
242 3158 265 3190 rn
281 3141 352 3190 Latin
369 3143 441 3191 when
457 3160 486 3192 an
505 3157 646 3203 rmperauve
663 3160 683 3192 rs
699 3144 811 3193 followed
827 3146 859 3204 by
875 3161 889 3192 a
905 3145 992 3197 future
1012 3167 1040 3199 as

122 3206 238 3309 aplllliit
246 3260 315 3310 those
324 3260 374 3316 (the
386 3260 470 3316 hands)
481 3261 509 3309 ol
515 3262 553 3310 his
562 3277 617 3310 own
625 3263 751 3322 subjecta*
779 3262 826 3310 See
838 3262 939 3322 Zumpt,
950 3264 982 3317 lb
991 3271 1040 3317 767

121 3319 261 3443 'IldSirsspiply
270 3398 316 3430 me:
333 3380 483 3429 ‘remember
493 3378 548 3426 that
555 3378 572 3426 l
578 3379 645 3426 haye
654 3379 796 3426 committed
800 3379 850 3425 this
857 3379 920 3438 duty
928 3391 955 3431 to
963 3387 1037 3442 you.’

147 3440 256 3492 ”From
273 3441 326 3492 sear
343 3440 370 3492 of
387 3455 475 3491 serere
490 3436 656 3498 punishment*
672 3445 727 3489 ruet
738 3435 969 3491 &verumne
980 3455 1049 3487 essu

106 3501 221 3565 usually,
237 3502 332 3568 capital
341 3502 528 3569 punishment-
