2274 3772
485 168 576 207 arsen
603 168 641 206 vr.
965 145 1021 208 ltin

112 275 203 344 tiabat,
216 293 296 345 quem
315 285 451 342 receptum
465 276 489 326 in
503 275 584 327 fidem
598 276 703 344 regioni,
717 291 798 344 quam
811 284 890 330 antea
900 274 1020 329 obtinue-

113 347 169 412 rat‚¹
189 345 324 414 praefecit.
362 346 396 397 Et
416 361 479 396 cum
497 362 576 411 grave
597 345 686 412 spoliis
703 354 883 413 apparatuque
901 344 1020 397 luxuriae

113 432 210 482 agmen
223 415 267 466 rix
283 423 440 480 moveretur,
460 431 521 464 suas
537 413 660 481 primum,
677 413 773 466 deinde
791 415 870 466 totius
888 414 1021 466 exercitus
1058 456 1062 461 .

113 484 236 553 sarcinas,
262 485 381 552 exceptis
403 482 546 534 admodum
571 483 735 552 necessariis,
757 483 868 535 conferri
891 482 968 552 jussit
992 481 1020 536 iu

113 552 241 605 medium.
278 553 403 604 Planities
421 553 538 620 spatiosa
558 560 621 620 erat,
642 552 667 603 in
687 568 766 621 quam
786 552 910 604 vehicula
927 561 1022 604 onusta

113 622 297 691 perduxeram.
334 619 542 690 Expectantibus
559 621 668 687 cunctis,
685 621 748 688 quid
766 621 863 673 deinde
882 631 953 673 esset
972 622 1021 674 im·

149 702 258 757 taturus,
279 690 399 760 jumenta
420 690 498 759 jussit
520 689 625 758 abduci,
647 690 754 759 suisque
778 692 892 759 primum
913 690 1022 744 sarcinis

113 707 174 812 hice
186 761 298 829 subdita,
312 768 414 812 ceteras
426 758 530 811 incendi
543 760 697 828 praecepit.²
721 760 879 826 Plagrabant
889 762 1021 812 exurenti-

114 829 165 882 bus
182 829 305 897 dominis,
324 846 392 897 quae
412 838 440 881 ut
459 829 557 880 intacta
576 846 609 881 ex
628 829 736 881 urbibus
757 829 871 881 bostium
891 836 1020 898 raperent,

114 915 160 950 sae
180 898 329 951 cflammas
340 899 521 966 restinxerant,
536 898 606 949 nullo
625 899 759 965 sauguinis
777 900 889 966 pretium
905 896 1021 950 audente

64 1027 67 1033 ⁵
114 967 148 1020 de
170 985 223 1036 ere,
237 985 297 1019 cum
311 968 397 1035 regias
408 982 472 1036 opes
488 967 560 1018 idem
574 968 640 1034 ignis
652 977 781 1019 exureret.
817 967 908 1019 Brevis
922 965 1020 1019 deinde

114 1038 195 1089 oratio
219 1037 349 1103 mitigavit
372 1036 497 1104 dolorem,
519 1037 674 1104 habilesque
698 1036 807 1088 militiae
828 1045 855 1089 et
878 1036 1021 1088 adomnia

115 1107 199 1184 parati
207 1106 379 1173 laetabantur,
389 1105 548 1157 sarcinarum
559 1106 652 1174 potius,
661 1123 741 1173 quam
749 1106 912 1175 disciplinae,
923 1105 1021 1158 fecisse

114 1176 264 1246 jacturam.³
296 1175 377 1242 igitur
389 1174 556 1227 Bactrianam
569 1175 702 1242 regionem
715 1175 848 1244 petebant.
898 1200 904 1204 ⁷
924 1193 927 1196 ’

150 1249 192 1296 22.
212 1244 262 1297 Sed
281 1245 414 1310 Nicanor,⁴
432 1245 611 1296 Parmenionis
629 1244 704 1312 filius,
719 1244 806 1297 subita
822 1253 904 1296 morte
919 1259 1021 1312 correp·

116 1324 166 1383 tus,
180 1330 274 1380 magno
287 1313 418 1366 desiderio
431 1314 471 1364 sui
482 1313 607 1364 affecerat
626 1323 742 1366 cunctos.
778 1315 842 1379 Rex,
855 1325 916 1364 ante
928 1329 1021 1364 ornnes

115 1392 241 1451 maestus,
262 1383 385 1452 cupiebat
408 1382 516 1451 quidem
540 1383 683 1435 subsistere
707 1383 792 1435 funeri
813 1383 950 1449 affuturus,
973 1380 1020 1434 sed

115 1453 224 1521 penuria
236 1462 432 1504 commeatuum
447 1453 570 1503 festinare
583 1452 702 1520 cogebat.
726 1454 818 1520 Itaque
832 1451 947 1504 Philotas
959 1467 1021 1504 cum

115 1521 218 1574 duobus
230 1521 339 1574 milibus
351 1530 377 1574 et
387 1523 431 1574 DC
440 1521 554 1587 relictus,
567 1531 595 1573 ut
607 1521 676 1592 justa
688 1522 761 1574 fratri
774 1521 948 1590 persolveret:
963 1520 1021 1589 ipse

115 1590 248 1643 contendit
266 1591 299 1643 ad
319 1591 439 1643 Bessum.
475 1590 528 1642 Iter
547 1591 653 1643 facienti
673 1593 697 1644 ei
718 1592 820 1644 litterae
841 1591 985 1643 afferuntur
1004 1607 1021 1640 a

115 1660 235 1712 finitimis
259 1661 432 1729 Satraparum‚
454 1677 469 1712 e
493 1661 589 1728 quibus
612 1661 752 1730 cognoscit,
776 1661 888 1714 Bessum
912 1659 1020 1728 quidem

115 1728 203 1781 hostili
216 1730 304 1781 animo
316 1747 451 1781 occurrere
464 1747 525 1782 cum
537 1733 663 1795 exercitu,
677 1744 795 1783 ceterum
814 1730 1019 1796 Satibarzanem,

115 1815 194 1866 quem
214 1808 345 1867 satrapam
364 1801 496 1851 Ariorum⁵
514 1800 570 1867 ipse
588 1800 767 1869 praefecisset,
781 1799 914 1851 defecisse
929 1798 963 1850 ab
978 1814 1019 1848 eo.

115 1867 206 1935 Itaque
219 1885 380 1936 quamquam
394 1869 475 1920 Besso
489 1869 651 1938 imminebat,
665 1881 751 1921 tamen
770 1868 804 1920 ad
823 1868 1021 1920 Satibarzanem

19 1940 26 1953 '
114 1935 470 2016 opprrrnendumpraeverti⁰
481 1939 610 2006 optimum
630 1949 706 2007 ratus,
720 1938 807 1990 levem
820 1946 979 1988 armaturam
993 1945 1020 1987 et

115 2016 251 2074 equestres
269 2023 358 2074 copias
376 2007 472 2076 educit,
487 2016 593 2074 totaque
611 2020 688 2060 nocte
707 2008 800 2059 itinere
818 2017 923 2058 strenue
942 2005 1018 2073 facto,

114 2074 273 2144 improvisus
291 2073 360 2128 hosti
375 2077 535 2144 supervenit.
572 2076 653 2144 Cujus
664 2078 767 2144 cognito
779 2076 895 2128 adventu
908 2074 1020 2127 Satibar-

114 2161 194 2196 zanes
213 2161 275 2196 cum
297 2145 319 2196 ll
340 2144 450 2199 milibus
468 2146 584 2214 equitum
607 2148 668 2213 (nec
689 2146 776 2214 plures
795 2146 882 2198 subito
902 2142 1020 2196 contrahi

114 2214 244 2282 poterant)
258 2214 351 2265 Bactra
366 2214 489 2284 perfugit,
503 2217 584 2267 ceteri
604 2217 734 2283 proximos
752 2223 855 2268 montes
873 2230 1019 2284 occupare·

114 2292 180 2333 runt.
217 2283 360 2352 Praerupta
379 2301 458 2353 rupes
476 2293 524 2353 est,
538 2303 589 2354 qua
602 2294 703 2353 spectat
715 2285 904 2338 Occidentem:
924 2284 1019 2336 eadem

114 2368 166 2418 qua
179 2352 261 2418 vergit
273 2353 307 2403 ad
319 2353 455 2405 Orientem
473 2354 570 2418 leuiore
590 2355 730 2407 summissa
749 2354 862 2422 fastigio,
875 2353 967 2406 multis
981 2369 1019 2403 ar-

113 2419 220 2472 boribus
233 2419 326 2489 obsita,
340 2438 485 2489 perennem
503 2421 582 2475 habet
601 2423 708 2489 fontem,
722 2441 756 2476 ex
768 2442 819 2492 quo
832 2423 921 2490 largae
934 2437 1021 2490 aquae

114 2500 230 2542 manant.
267 2489 397 2542 Circuitus
415 2491 473 2560 ejus
490 2493 561 2544 XXX
573 2504 599 2543 et
612 2493 636 2544 II
649 2493 733 2545 stadia
745 2492 954 2561 comprehendit.
990 2490 1020 2542 lu

113 2559 211 2609 vertice
232 2557 358 2611 herbidus
378 2577 497 2628 campus.
533 2561 562 2613 lu
587 2560 636 2613 hoc
660 2560 858 2614 multitudinem
884 2560 1021 2614 imbellem

112 2627 251 2679 considere
274 2627 383 2697 jubent:
411 2629 468 2698 ipsi,
494 2647 546 2698 qua
571 2647 649 2699 rupes
719 2633 742 2666 '⁷
811 2641 874 2702 erat,
899 2631 1020 2684 arborum

112 2706 217 2750 truncos
236 2706 262 2749 et
281 2715 344 2749 saxa
363 2698 548 2751 obmoliuntur.
585 2701 646 2753 XllI
665 2700 738 2753 milia
757 2714 859 2754 armata
872 2708 954 2754 erant.
991 2699 1021 2753 ln

142 2816 148 2838 ¹
161 2811 232 2866 This,
246 2828 272 2858 es
284 2828 320 2858 we
332 2828 371 2859 are
384 2813 433 2860 told
445 2813 538 2873 shortly
547 2814 695 2871 afterwards,
707 2833 756 2864 was
768 2817 866 2864 Ariana.

139 2869 298 2918 'Construed
318 2871 366 2918 like
380 2873 458 2932 jussit
476 2873 499 2919 in
519 2873 559 2920 the
578 2875 707 2935 preceding
722 2875 818 2924 clause:
836 2876 966 2926 otherwise
983 2893 1020 2926 we

111 2926 198 2976 should
211 2928 271 2976 have
283 2931 400 2989 expected
412 2940 446 2978 ut.
480 2932 525 2978 See
539 2933 636 2992 Zumpt,
649 2933 723 2984 tort.

139 2988 277 3048 ⁸Name1y,
290 3006 322 3037 se.
353 2991 391 3037 As
403 3001 428 3036 to
433 2991 552 3051 jacturam
557 2993 646 3052 facere,
660 3009 701 3041 see
713 3003 769 3041 note
780 3009 811 3043 on
821 3010 845 3043 v.
858 2999 895 3043 26.

121 3104 127 3117 ,
137 3051 148 3074 ⁴
159 3047 199 3115 He,
208 3064 257 3096 was
270 3048 310 3096 the
322 3049 475 3117 oommander
486 3049 514 3096 of
521 3050 561 3097 the
574 3051 728 3111 Hypaepists,
741 3068 776 3122 pr,
790 3070 816 3103 es
826 3053 925 3102 Curtius
936 3056 969 3114 by
977 3069 1018 3102 an·

109 3107 723 3218 tlcfp'l'alitiuhsclilalscttilrislllrrlbiieoirviuifrilldtlilivlrilrgcleii²⁸
738 3111 789 3220 lilii..
811 3171 860 3219 But
868 3172 1019 3279 praefecisset

110 3225 241 3334 Rpffidipp
252 3227 406 3282 instituisset,
422 3226 517 3274 ‘whom
533 3227 563 3274 he
580 3228 681 3276 himself
692 3229 740 3278 had
755 3231 866 3291 appointe

139 3348 149 3374 ⁸
162 3348 169 3370 ⁴
178 3342 217 3390 'I’o
227 3353 283 3391 turn
293 3343 359 3392 eside
370 3343 534 3394 betorehand!

140 3401 233 3450 'Some
244 3401 312 3451 word
322 3401 366 3452 has
377 3402 484 3464 dropped
493 3414 544 3461 out,
557 3404 659 3467 perhaps
669 3408 774 3456 ᾱωῑὶυὺ.

898 3240 979 3290 setrap
989 3229 1018 3281 of
