2274 3772
492 161 583 200 arana
603 161 630 200 v.
958 142 1014 199 loo

109 269 216 338 egregio
228 267 383 320 interfutura
394 269 540 338 certamini,
551 269 625 320 testis
637 268 731 320 eadem
744 268 872 337 cujusque
885 267 1014 320 factorum

110 341 148 391 et¹
165 337 200 390 de
218 337 350 407 judicibus
369 337 451 390 latura
472 339 645 390 sententiam:
665 339 763 407 quippe
781 353 879 388 verona
896 355 928 387 an
948 336 1014 389 salso

112 408 204 461 honos²
218 409 313 475 cuique
331 406 478 474 haberetur,
495 408 605 474 ignorari
624 423 674 458 non
694 415 801 475 poterat.
839 406 942 458 Primus
959 423 1014 458 om-
1076 455 1079 465 ,

111 477 185 530 nium
200 477 302 528 virtutis
319 492 398 526 causa
415 475 527 528 donatus
545 488 585 526 est
603 475 739 527 Atharriae
756 475 860 542 senior,l
875 475 918 543 qui
935 475 1014 527 omis-

112 562 176 601 sum
189 545 259 614 apud
278 544 477 596 Halicarnasson
490 562 507 595 a
517 544 664 613 junioribus
675 544 804 612 proelium
818 561 885 596 unus
897 544 1014 596 maxime

112 615 283 667 accenderat:
302 615 436 682 proximus
448 614 472 665 ei
484 614 629 681 Antigenes
641 614 713 665 visus
728 621 783 664 est:
803 615 908 664 tertium
928 614 1014 665 locum

111 682 229 736 Philotas
241 685 367 749 Augaeus
377 683 501 734 obtinuit:
521 692 629 751 quartus
641 685 774 751 Amyntae
787 682 878 734 datus:
899 692 955 751 post
967 680 1017 736 hos

111 753 265 820 Antigonus,
275 761 302 802 et
314 751 347 803 ab
360 768 391 803 eo
403 752 549 820 Lyncestes
558 754 607 803 Am
621 760 687 802 7ntas
699 751 759 803 luit:
774 752 915 819 septimum
929 752 1016 804 locum

111 820 271 889 Theodotus,
285 821 408 873 ultimum
427 820 539 872 obtinuit
557 769 716 872 Hellanicus.
753 821 781 872 ln
802 820 939 888 disciplina
953 837 1016 889 quo-

111 906 165 959 que
183 890 304 943 militaris
323 891 360 941 rei
377 906 393 941 a
411 888 553 958 majoribus
566 888 680 960 [tradita]
693 889 817 957 pleraque
832 907 936 942 summa
947 889 1016 942 utili·

112 967 167 1011 tate
196 960 316 1011 mutavit.
360 959 431 1011 Nam
459 975 522 1010 cum
544 967 605 1009 ante
629 959 733 1026 equites
756 959 782 1010 in
805 975 881 1010 suam
904 959 1016 1028 quisque

111 1037 219 1096 gentem
239 1026 450 1083 describerentur
467 1029 581 1080 seorsus⁴
595 1045 610 1076 a
624 1027 726 1094 ceteris,
740 1036 863 1095 exempto
881 1029 1017 1081 nationum

111 1096 273 1164 discrimine,
292 1095 439 1164 praesectis,
458 1113 508 1148 non
526 1096 616 1164 utique
634 1113 742 1149 suarum
759 1097 886 1165 gentium,
906 1098 952 1150 sed
971 1098 1016 1150 de·

111 1165 197 1233 lectis,
218 1164 343 1217 attribuit.
380 1165 463 1234 Tuha,
485 1182 547 1218 cum
569 1174 655 1217 eastra
678 1182 784 1218 movere
804 1166 892 1233 vellet,
914 1167 1016 1234 signum

112 1234 201 1303 dabat,
220 1234 297 1302 eujus
316 1250 395 1286 sonus
414 1234 569 1303 plerumque
589 1234 807 1286 tumultuantium
826 1235 933 1287 fremitu
957 1252 1017 1288 erro-

112 1304 205 1383 riente,
219 1303 289 1359 haud
302 1303 366 1355 satis
378 1303 579 1357 exaudiebatur:
591 1321 659 1371 ergo
671 1304 806 1373 perticam,
820 1319 888 1372 quae
901 1305 1018 1373 undique

112 1372 229 1441 conspici
252 1381 347 1442 posset,
371 1389 450 1441 supra
472 1372 630 1442 praetorium
654 1373 757 1424 statuit:
783 1389 815 1425 ex
837 1389 891 1442 qua
914 1373 1018 1442 signum

113 1442 248 1495 eminebat
271 1442 366 1510 pariter
386 1442 509 1494 omnihus
528 1441 714 1510 conspicuum:
739 1441 927 1496 observabatur
950 1444 1019 1512 ignia

112 1520 199 1579 noctu,
213 1511 302 1563 sumus
314 1510 435 1563 interdiu.

150 1585 174 1633 8.
195 1581 306 1649 Jamque
330 1580 405 1632 Susa⁵
423 1581 449 1633 ei
466 1579 568 1632 adituro
586 1580 716 1649 Abulites,
735 1581 847 1648 regionis
868 1581 926 1649 ejus
945 1598 1018 1650 prae·

112 1649 206 1719 fectus,
220 1649 276 1701 sive
289 1649 365 1702 Darei
376 1648 459 1719 jussu,
473 1658 501 1702 ut
513 1649 693 1704 Alexandrum
705 1649 803 1718 praeda
815 1650 947 1720 retineret,
962 1651 1019 1703 sive

113 1735 162 1772 sua
179 1728 278 1788 sponte,
297 1717 382 1771 filium
405 1719 511 1771 obviam
533 1718 612 1787 misit,
632 1719 786 1771 traditurum
806 1737 835 1771 se
852 1720 944 1773 urbem
962 1736 1019 1788 pro-

112 1789 229 1841 mittens.
265 1787 381 1854 Benigne
400 1787 526 1856 juvenem
546 1787 650 1856 excepit
668 1804 720 1854 ren,
740 1797 766 1839 et
785 1789 879 1840 eodem
898 1788 966 1841 duce
985 1788 1019 1840 ad

114 1856 255 1926 Choaspin⁶
267 1873 372 1908 amnem
385 1856 511 1925 pervenit,
525 1856 674 1924 delicatam,
688 1868 716 1907 ut
728 1855 800 1908 sama
813 1864 861 1925 est,
874 1857 1019 1910 vehentem

113 1943 221 1995 aquam.
258 1925 306 1977 Hic
318 1924 441 1978 Abulites
459 1942 520 1977 cum
539 1925 614 1976 donis
632 1924 728 1991 regalis
740 1925 889 1992 opulentiae
902 1926 1019 1978 occurrit.

114 1995 261 2061 Dromades
278 1995 384 2046 cameli⁷
401 1995 468 2047 inter
485 1993 553 2046 dona
571 2003 644 2045 erant
662 1993 812 2046 velocitatis
829 1994 951 2064 eximiae,
970 1995 1019 2048 XII
1066 2047 1073 2050 ,

114 2064 250 2134 elephanti
267 2081 283 2115 a
301 2064 385 2116 Dareo
404 2081 438 2116 ex
456 2063 531 2115 India
548 2063 633 2132 acciti,
650 2061 706 2132 jam
724 2079 774 2114 non
792 2071 880 2132 terror,
893 2073 921 2116 ut
934 2081 1019 2134 spera-

114 2142 197 2201 verat,
221 2131 408 2202 Macedonum,
433 2131 480 2184 sed
503 2131 639 2200 auxilium,
664 2149 727 2202 opes
750 2132 812 2184 victi
836 2134 869 2186 ad
891 2133 1020 2187 victorem

115 2202 289 2255 transferente
309 2200 421 2262 fortuna.
456 2200 492 2255 Ut
509 2218 572 2253 vero
591 2200 685 2253 urbem
706 2201 818 2272 intravit,
838 2202 1019 2256 incredibilem

116 2287 152 2324 ax
175 2269 305 2322 thesauris
327 2288 461 2325 summam
480 2271 609 2340 pecuniae
629 2271 732 2340 egessit,
756 2272 776 2323 L
797 2272 870 2324 milia
890 2272 1019 2325 talentum

116 2339 218 2406 argenti
239 2354 288 2391 uon
309 2339 404 2407 signati
424 2339 515 2409 forma,
537 2339 584 2392 sed
604 2339 661 2391 rudi
685 2339 809 2409 pondere.
844 2340 922 2393 Multi
944 2358 1021 2408 reges

117 2415 204 2468 tantas
215 2423 279 2475 opes
291 2406 367 2475 longa
380 2417 468 2460 aetate
486 2408 684 2460 cumulaverant
702 2408 791 2461 liberis
808 2409 978 2488 posterisque,
991 2418 1020 2462 ut

115 2475 316 2544 arbitrabantur,
329 2493 395 2544 quas
412 2476 590 2529 uuahora'in
607 2476 708 2528 externi
725 2477 795 2544 regis
812 2492 907 2530 manus
924 2478 1019 2531 retulit.

116 2545 242 2601 Consedit
260 2543 356 2597 deinde
376 2545 402 2598 in
422 2546 494 2613 regia
513 2544 579 2598 sella
599 2544 682 2597 multo
705 2544 854 2599 excelsiore
872 2563 952 2615 quam
974 2564 1020 2618 pro

122 2750 127 2760 ²
145 2695 153 2718 ¹
164 2689 200 2736 At
211 2703 270 2736 once
280 2687 380 2736 witness
394 2687 442 2736 and
453 2687 543 2748 judge3
560 2685 722 2746 conformahly
733 2695 759 2733 to
769 2685 810 2734 the
821 2686 926 2746 peculiar
936 2704 979 2738 use
990 2689 1018 2738 of

116 2751 247 2855 ιὡξηὲωιοε
258 2806 283 2874 ¹is
299 2820 365 2853 more
375 2820 492 2873 ¹common
503 2804 562 2872 than
570 2808 643 2873 honor
652 2803 677 2851 in
687 2803 728 2851 the
745 2803 818 2852 Latin
833 2805 930 2854 authors
945 2820 1018 2868 gene·

116 2863 736 2983 mlllldlllltlietielerldlilllliirlaldoriidumubhicrinylearsss
749 2936 776 2969 or
788 2926 833 2970 ‘an
843 2922 935 2984 elderly
945 2925 1018 2973 man!

118 2983 165 3033 See
178 2985 257 3031 Grum.
270 2982 283 3032 b
294 2985 332 3037 89,
345 2992 408 3028 note.

145 3048 154 3070 ⁴
164 3043 213 3090 For
220 3041 261 3088 the
270 3041 426 3099 composition
435 3039 463 3088 os
469 3039 518 3087 this
529 3040 574 3088 and
586 3039 676 3087 similar
684 3039 793 3093 adverbs.
805 3054 845 3088 see
857 3041 935 3089 Grum.
945 3042 958 3093 h
967 3045 1019 3090 224.

147 3100 274 3149 ‘Situated
286 3100 310 3147 in
321 3099 361 3146 tha
372 3098 567 3158 neighbourhood
579 3098 606 3145 os
618 3099 658 3146 the
669 3097 768 3146 modam
779 3098 888 3147 Shuater.

145 3165 154 3190 ⁸
165 3160 220 3207 The
232 3174 301 3206 name
312 3159 340 3206 ol
351 3158 400 3206 this
410 3158 473 3205 river
483 3173 534 3204 was
548 3157 625 3206 either
642 3157 767 3217 Choaspes
782 3172 809 3205 or
825 3157 952 3217 choaspis,
965 3173 1020 3206 now

117 3218 372 3337 Klrllliilirilgetiiinals
381 3276 397 3333 ;'
413 3274 464 3322 that
475 3275 504 3330 is,
518 3284 559 3322 not
570 3289 584 3321 a
594 3274 721 3333 particular
730 3274 824 3333 species
834 3274 863 3322 os
869 3275 910 3322 the
921 3274 1017 3330 animal.

117 3338 161 3385 bnt
171 3336 262 3384 camele
273 3335 365 3384 trained
375 3344 400 3382 to
410 3333 520 3394 carrying
529 3333 643 3390 oouriers‚
654 3333 713 3383 such
724 3348 751 3382 as
762 3347 801 3382 are
812 3333 863 3382 still
873 3332 933 3383 used
943 3333 968 3381 in
978 3332 1019 3382 the

118 3395 186 3445 Esar.
742 3407 744 3421 ·
