2274 3772
501 197 593 239 areeri
613 197 652 239 rr.
975 185 1028 241 litt

119 307 214 378 inquit,
227 307 253 361 in
271 305 400 376 principio
411 321 517 385 quoque
535 306 615 376 hujus
632 308 670 360 rei
688 306 826 363 nobiscum
843 307 1030 363 deliberasses.

122 378 308 445 Suasissemus,
330 376 352 429 si
377 375 499 428 Philotae
517 376 603 428 velles
626 375 772 445 ignoscere,
792 378 920 447 patereris
944 377 1031 447 potius

121 447 239 517 ignorare
257 461 329 513 eum,
341 459 470 514 quantum
488 445 598 498 deberet
615 445 672 514 tibi,
685 462 766 516 quam
786 463 870 516 usque
887 447 921 498 ad
938 447 1031 500 mortis

120 526 225 570 metum
243 515 386 567 adductum
405 531 515 583 cogeres
532 515 638 583 saepius
654 515 688 568 de
707 515 822 585 periculo
834 533 890 586 suo,
903 533 983 585 quam
996 517 1031 569 ds

121 592 166 638 tuo
178 586 294 654 cogitare
306 583 445 637 beneficio.
472 583 519 637 llle
533 583 605 636 euim
618 601 723 654 semper
735 584 852 638 insidiari
864 585 914 638 tibi
926 586 1020 654 poterit

120 662 149 709 tu
172 672 226 707 non
249 670 355 722 semper
374 652 494 706 Philotae
518 653 616 722 poteris
639 655 783 722 ignoscere.
819 655 878 708 Neo
899 625 1030 724 estquod

79 781 82 791 ,
120 723 360 794 existimes,¹eum,
378 724 423 791 qui
443 731 547 777 tantum
565 739 646 775 ausus
664 732 713 793 est,
727 723 805 775 venia
825 741 904 793 posse
923 724 1028 777 mutari.

121 792 174 847 Scit
187 809 240 862 eos,
254 792 300 862 qui
318 791 527 845 misericordiam
543 793 784 862 consumpserunt,²
795 793 911 863 amplius
922 809 1030 862 sperare

120 879 172 918 non
184 879 270 932 posse.
306 863 342 914 At
355 877 412 930 ego,
425 862 530 915 etiamsi
542 861 600 930 ipse
613 862 657 914 vel
669 861 830 939 poenitentia
841 863 886 915 vel
899 861 1029 916 beneficio

85 990 86 994 ,
120 940 165 986 tuo
178 933 264 985 victus
281 931 417 1000 quiescere
435 930 513 1000 volet,
533 939 636 1000 patrem
656 947 715 1000 eJus
735 931 945 1001 Parmenionem,
965 931 1031 984 tanti

120 1002 218 1056 ducem
231 1000 373 1067 exercitus,
386 1007 414 1051 et
427 1000 573 1052 inveterata
591 998 662 1068 apud
680 1000 782 1052 milites
799 1008 857 1053 tuos
874 1001 1030 1053 auctoritate

120 1069 192 1124 haud
211 1070 325 1122 multum
338 1068 405 1120 infre
417 1069 605 1138 magnitudinis
616 1078 678 1122 tuae
690 1068 827 1137 fastigium
837 1070 961 1149 positum,
975 1071 1030 1123 seio

120 1156 171 1192 non
183 1155 269 1209 aequo
280 1138 370 1191 animo
383 1138 495 1191 salutem
509 1137 556 1191 filii
570 1138 610 1191 sui
623 1138 777 1208 debiturum
795 1136 854 1191 ribi.
889 1138 1029 1198 Quaedam

120 1208 250 1263 beneficia
261 1207 375 1261 odimus.
410 1208 543 1261 Meruisse
555 1217 668 1261 mortem
680 1207 799 1261 confiteri
810 1207 901 1276 pudet.
936 1207 1030 1277 Super-

120 1286 168 1346 est,
181 1287 209 1331 ut
223 1277 296 1330 malit
308 1277 393 1329 videri
405 1276 526 1346 iujuriam
538 1277 682 1347 accepisse,
695 1293 777 1346 quam
789 1277 881 1330 vitam.
918 1276 1031 1330 Proinde

119 1348 184 1402 scito
196 1347 247 1402 tibi
258 1363 322 1400 oum
334 1346 384 1399 illis
395 1346 430 1398 de
443 1346 528 1399 salute
541 1364 601 1400 esse
615 1348 796 1417 pugnandum.
832 1345 901 1399 Satis
913 1346 1029 1410 hostium

119 1425 247 1486 superest,
254 1416 294 1469 ad
306 1432 373 1485 quos
384 1416 581 1486 persequendos
598 1415 786 1471 ituri'sumus:
805 1414 875 1469 latus
891 1433 908 1468 a
925 1417 1029 1470 domes·

117 1486 179 1539 tiois
206 1485 327 1539 hostibus
355 1485 438 1538 muni.
479 1486 534 1539 Hcs
556 1486 579 1538 si
602 1495 763 1556 summoves,
786 1484 854 1539 nihil
877 1493 967 1539 metuo
991 1485 1026 1538 ab
1103 1545 1107 1552 ,

117 1565 234 1608 externo.
916 1590 922 1599 -

152 1629 192 1676 ³0.
211 1625 285 1678 Haec
303 1625 434 1678 Craterus.
469 1625 528 1678 Nec
546 1617 812 1692 eeieii'dubitabani‚
825 1624 891 1705 quin
907 1623 1028 1693 conjura-

116 1693 196 1746 tionis
219 1693 345 1747 indicium
369 1710 558 1763 suppressurus
587 1711 638 1746 non
663 1691 764 1762 fuisset,
788 1693 839 1746 uisi
866 1703 959 1746 auctor
981 1700 1028 1746 aut

116 1763 256 1833 particeps.
292 1763 380 1822 Quem
392 1764 464 1817 enim
482 1763 558 1831 pium
575 1774 602 1815 et
621 1763 705 1816 bonae
717 1762 834 1830 mentis,⁸
845 1779 895 1815 non
907 1762 1027 1815 amicum

116 1833 203 1900 modo,
225 1831 272 1885 sed
295 1849 330 1885 ex
353 1832 448 1884 ultima
471 1830 558 1901 plebe,
576 1831 676 1884 auditis
698 1848 769 1900 quae
792 1831 826 1884 ad
849 1848 913 1884 euru
937 1830 1028 1884 delata
1083 1840 1086 1847 “

117 1910 264 1971 erant,‚n0n
282 1901 401 1969 protinus
417 1900 453 1953 ad
470 1917 561 1968 regern
581 1900 665 1953 fuisse
683 1900 841 1953 cursumml
859 1916 894 1952 ne
906 1899 1026 1954 Cebalini

134 1970 226 2023 uidem
249 1986 329 2022 exem
348 1969 381 2035 lo,
399 1971 446 2039 qui
469 1971 514 2024 ex‘
532 1969 612 2031 fratre
636 1976 772 2047 comperta
797 1969 847 2038 ipsi
870 1969 1025 2038 nuntiasset,

116 1987 299 2093 Parmenionis
324 1987 418 2109 tilium,
446 2038 612 2108 praefectum
641 2045 783 2107 equitatus,
806 2038 925 2092 omnium
953 2055 1027 2091 arca·

116 2125 210 2162 norum
230 2109 301 2177 regie
318 2108 446 2163 arbitrum
454 2108 477 2159 2⁶
496 2107 639 2161 simulasse
658 2108 747 2176 etiam,
767 2124 819 2160 non
839 2124 951 2162 vacasse
972 2125 1026 2160 ser-

116 2179 188 2231 moni
212 2194 266 2230 suo·
280 2194 370 2247 regern
398 2195 433 2231 ne
454 2177 535 2231 index
557 2176 640 2230 aliurn
664 2176 857 2230 internuntium
876 2185 1026 2247 quaereret.

116 2246 319 2315 Nicomachum,
340 2264 368 2300 re
380 2247 466 2316 igione
488 2264 595 2317 quoque
617 2245 700 2299 deum
723 2247 870 2317 astrictum,
890 2246 1026 2306 conscien-

116 2317 182 2369 tiam
199 2333 274 2369 suam
292 2333 438 2369 exonerare
455 2333 623 2388 properasse:
645 2315 785 2397 Philotam,
804 2325 959 2385 consumpto
979 2331 1026 2384 per

115 2385 209 2439 ludum
220 2385 363 2455 jocumque
376 2403 460 2455 paene
473 2395 526 2439 toto
537 2387 591 2454 die,
603 2394 741 2454 gravatum
760 2401 820 2438 esse
838 2401 924 2455 pauca
936 2385 1024 2454 verba,

115 2455 272 2535 pertinentia
289 2455 324 2508 ad
342 2464 421 2525 caput
439 2455 515 2525 regie,
527 2463 583 2508 tarn
602 2455 678 2522 longo
696 2462 723 2506 et
736 2453 843 2506 forsitan
861 2470 1026 2523 supervacuo

116 2541 232 2578 inserere
245 2524 368 2577 sermoni.
405 2527 440 2577 iit
458 2525 530 2578 enim
544 2541 576 2576 se·
585 2540 637 2576 non
649 2522 793 2576 credidisse
805 2523 867 2575 talia
879 2522 1023 2576 deferenti·

116 2593 167 2648 bus
185 2593 302 2663 puerisl⁸
336 2594 389 2647 Cur
411 2593 489 2662 igitur
511 2593 677 2649 extraxisset⁷
695 2591 815 2661 biduum,
837 2600 962 2673 tanquam
985 2593 1025 2646 'in-

115 2663 185 2716 dicio
214 2662 324 2715 haberet
353 2663 454 2716 fideret
484 2662 672 2717 dimittendum
701 2658 784 2714 fuisse
807 2661 974 2731 Cebalinum,
999 2663 1023 2715 si

115 2733 277 2791 deletionem
296 2731 355 2802 ejus
366 2733 520 2787 damnabat.
555 2734 584 2786 ln
604 2749 652 2785 suo
670 2746 805 2810 quemque
823 2731 940 2801 periculo
952 2749 1025 2802 mag-

115 2802 320 2856 uum-:animum
329 2801 437 2873 habere,
446 2820 510 2856 oiim
522 2802 557 2855 de
569 2801 655 2855 salute
667 2800 738 2868 regis
749 2808 894 2870 timeretur,
904 2801 1026 2855 credulos

120 2967 246 3033 ‚riwin
328 2967 431 3032 sabine
445 3024 457 3032 ,,
473 2982 586 3034 inme„
624 2968 849 3038 ritl9⁰t¹¹1²³⁸⁸¹⁰¹¹³

120 2986 355 3102 fib'dueirttfflot
404 3085 408 3090 Α
448 3039 586 3094 repentest
611 2985 877 3100 r{liugvthiidgntherof
888 3031 1021 3101 thestate;
1129 3092 1133 3101 1

96 3125 98 3130 .
113 3092 184 3138 decue
194 3099 287 3146 mantis,
300 3089 380 3137 whoc
398 3084 490 3138 enshes
505 3106 520 3137 a
551 3088 914 3261 mmxposrtmhrempuuhie
929 3090 970 3139 old
985 3099 1021 3139 at.

621 3215 631 3269 i

145 3202 160 3205 ,,
322 3148 336 3184 ·’
357 3164 376 3206 s
408 3187 411 3206 2
534 3184 539 3207 r

143 3263 179 3314 ,S
210 3262 212 3266 ,
272 3259 275 3269 ,
393 3149 536 3376 W}
564 3159 956 3282 teithi

141 3333 151 3356 ·
158 3262 474 3374 Ufflgtffgffiffifeffg
483 3325 507 3374 in
535 3274 892 3396 ιὲθάᾛὲἒῗωῖῗᾫχ
902 3298 968 3379 *fi*
992 3320 995 3325 “
1066 3301 1077 3336 5

131 3389 171 3454 ii.
196 3425 212 3461 2,
242 3384 292 3446 u
320 3342 614 3515 aiiuhinippa
720 3360 843 3452 hivi..
879 3343 949 3440 hb·

106 3385 533 3556 ffmlffffffmmkhm„
565 3510 586 3568 G
753 3476 781 3507 :i
805 3495 808 3499 .

586 3364 752 3566 &Q
945 3387 1069 3476 assas

936 3472 955 3491 -Ᾱ
