2274 3772
467 232 468 236 ,
496 197 588 235 ursan
608 195 661 234 vn.
974 180 1033 235 203

121 305 208 358 lulum
219 305 421 372 cessaverimus,
436 308 459 355 in
473 305 553 370 tergis
565 302 660 355 nostris
672 303 785 371 Scythae
798 302 954 355 haerebunt.
980 305 1033 357 -An

122 375 171 428 soli
194 392 292 442 sumus,
313 375 359 443 qui
383 374 494 426 flumina
521 384 655 424 transnare
681 372 857 440 possumusll
895 372 982 425 Multa
1006 374 1034 426 in

122 446 298 512 nosmetipsos
319 444 443 510 recident,
457 443 555 511 quibus
573 442 661 494 adhuc
678 442 798 493 vicimus.
835 441 949 494 Fortuna
969 442 1034 496 belli

123 523 208 567 artem
232 514 317 565 victos
345 529 451 582 quoque
480 513 566 564 docet.
610 511 717 563 Utribus
746 528 854 563 amnem
886 511 1034 580 trajiciendi

123 584 276 652 exemplum
296 582 411 634 fecimus
427 598 526 648 nuper:
547 581 603 648 hoc,
617 581 655 632 ut²
667 579 781 649 Scythae
794 580 892 637 imitari
904 582 1032 652 nesciant,

123 652 251 705 Bactriani
270 651 411 704 docebunt.
459 652 598 703 Praeterea
617 666 686 702 unus
703 650 789 717 gentis
807 648 886 719 hujus
903 651 1035 704 exercitus

122 721 210 774 adhuc
222 721 303 787 veuit,
316 721 398 773 ceteri
410 729 591 789 expectamur.
627 719 666 770 Ita
685 719 784 772 bellum
799 719 903 771 vitando
921 720 1034 790 alemus,

123 800 150 843 et
162 791 232 860 quod
251 791 346 842 inferre
364 807 512 858 possumus,
525 790 646 857 accipere
665 806 798 856 cogemur.
835 789 981 841 Manifesta
993 799 1035 842 est

123 861 224 912 consilii
243 861 297 912 mei
316 861 388 911 ratio.
424 859 474 912 Sed
493 876 526 910 an
545 858 698 927 permissuri
716 858 766 911 sint
785 857 852 911 mihi
869 858 1035 911 Macedones

123 931 211 982 animo
231 930 270 982 uti
283 946 350 997 meo,
364 929 470 996 dubito,
488 929 550 996 quia
568 945 602 979 ex
620 944 670 995 quo
688 927 738 979 hoo
756 927 851 980 vulnus
868 929 969 997 accepi,
983 947 1035 982 non

124 1016 191 1068 equo
213 1009 305 1050 vectus
323 1015 389 1066 sum,
406 1016 456 1050 non
475 998 588 1065 pedibus
606 997 747 1064 ingressus.
783 997 834 1050 Sed
851 998 872 1050 si
893 1016 937 1050 me
959 999 1035 1068 sequi

124 1069 210 1136 vultis,
224 1069 309 1135 valeo,
322 1068 410 1119 amici..
447 1067 514 1120 Satis
532 1067 627 1119 virium
646 1077 685 1118 est
703 1067 737 1118 ad
755 1067 890 1119 toleranda
907 1069 957 1120 ista
963 1085 971 1135 5
989 1078 1035 1121 aut

124 1138 145 1189 si
163 1137 219 1206 jam
237 1138 312 1189 adest
332 1137 401 1189 vitae
420 1154 497 1189 meae
517 1137 583 1205 finis,
600 1136 626 1187 in
644 1152 695 1204 quo
715 1137 822 1188 tandem
840 1153 920 1205 opere
938 1137 1037 1191 melius

125 1207 279 1274 extinguar?

160 1281 201 1328 31.
220 1277 293 1328 Haeo
316 1277 423 1344 quassa³
442 1275 530 1328 adhuc
553 1292 618 1327 voce
639 1274 823 1342 subdeficiens,
845 1276 890 1328 vix
909 1275 1037 1344 proximis

125 1346 347 1410 exaudientibus,⁴
366 1345 484 1412 dixerat,
508 1362 569 1397 cum
592 1361 685 1397 omnes
705 1362 722 1396 a
742 1353 797 1398 tam
817 1345 954 1413 praecipiti
975 1363 1035 1398 con-

125 1415 182 1466 silio
201 1432 291 1482 regem
309 1415 440 1467 deterrere
458 1426 607 1483 coeperunt,
622 1414 744 1483 Erigyius
762 1414 887 1483 maxime,
900 1415 945 1482 qui
963 1414 1033 1467 haud

124 1501 188 1536 sane
205 1485 359 1537 auctoritate
377 1484 516 1552 proficiens
535 1485 606 1553 apud
624 1484 785 1536 obstinatum
802 1485 930 1550 animum,
945 1502 1035 1552 super-

124 1554 266 1618 stitionem,
291 1553 368 1623 cujus
392 1563 484 1623 potens
507 1563 638 1606 nonerat
663 1570 719 1621 res,
744 1555 862 1606 incutere
887 1555 1034 1623 temptavit,

123 1622 255 1691 dicendo,⁵
277 1623 342 1675 deos
364 1640 468 1692 quoque
492 1623 596 1676 obstare
622 1623 738 1691 consilio,
763 1640 942 1692 magnumque
967 1625 1034 1692 peri-

123 1693 222 1762 culum,
236 1697 258 1746 si
273 1695 372 1746 flumen
392 1692 534 1760 transisset,
548 1693 660 1745 ostendi.
696 1694 804 1745 Intranti
817 1693 930 1761 ,Erigyio
948 1693 1034 1746 taber-

123 1763 247 1816 naculum
261 1765 331 1830 regis
344 1763 495 1815 Aristander
507 1771 662 1829 occurrerat,
677 1762 761 1814 tristia
778 1774 839 1814 exta
858 1763 941 1814 luisse
954 1764 1030 1828 signi-

122 1832 219 1885 ficans:
244 1833 311 1884 haec
334 1849 367 1884 err
391 1842 451 1883 vate
475 1842 610 1900 comperta
634 1832 756 1899 Erigyius
780 1832 926 1893 nuntiabat.
974 1831 1034 1888 Quo

122 1901 251 1969 inhibito,⁸
280 1901 439 1963 Alexander,
471 1917 520 1952 nori
551 1902 589 1952 ira
618 1902 712 1965 solum,
744 1900 796 1952 sed
822 1901 904 1951 etiam
933 1901 1033 1967 pudore

122 1972 255 2038 confusus,
285 1970 355 2040 quod
385 1970 542 2040 superstitio,
567 1987 647 2038 quam
677 1969 817 2036 celaverat,
842 1969 1035 2037 detegebatur,⁷

123 2041 306 2093 Aristandrum
323 2041 410 2092 vocari
427 2038 510 2108 jubet.
547 2038 597 2096 Qui
616 2048 644 2090 ut
662 2039 741 2105 venir,
760 2038 865 2090 intuens
883 2055 954 2100 eum,
973 2039 1033 2092 Non

123 2126 175 2176 rex,
189 2111 280 2178 inquit,
295 2110 341 2162 sed
360 2112 477 2177 privatus
494 2109 574 2160 sumi
610 2107 770 2161 Sacrificium
788 2116 817 2160 ut
835 2106 945 2175 faceres,
958 2125 1033 2161 man-

121 2179 182 2230 davi
190 2196 197 2246 3
216 2180 279 2249 quid
293 2196 324 2231 eo
337 2179 541 2248 portenderetur,
555 2195 601 2230 cur
612 2177 683 2246 apud
696 2176 786 2245 aliurn,
799 2195 880 2246 quarn
898 2177 968 2246 apud
987 2194 1033 2230 me

121 2248 253 2315 professus
269 2250 319 2301 esl
356 2248 480 2317 Erigyius
497 2265 592 2299 aroana
611 2264 672 2300 mea
690 2257 716 2299 et
734 2255 843 2314 secreta,
858 2256 883 2298 te
897 2247 1032 2317 prodente,

120 2319 250 2384 cognovit.
286 2319 372 2376 Quem
396 2327 497 2370 certum
522 2317 675 2369 mehercule
700 2317 785 2369 habeo
809 2325 929 2368 extorum
953 2317 1033 2368 inter-

97 2397 194 2455 ·prete
219 2388 258 2440 uti
282 2399 353 2441 metu
378 2388 444 2439 suo.8
479 2387 538 2439 Tibi
561 2396 653 2438 autern
675 2387 798 2454 quietius,
823 2403 904 2453 quam
928 2385 1034 2454 potest,⁹

120 2455 253 2525 denuntio,
267 2458 316 2526 ipsi
333 2457 400 2509 mihi
419 2457 527 2524 indicae,
547 2455 610 2524 quid
629 2456 699 2507 extis
715 2455 875 2523 cognoveris,
895 2472 928 2506 ne
946 2455 1033 2522 possis

151 2597 157 2618 ¹
171 2591 230 2637 ‘Are
243 2606 279 2637 we
296 2590 336 2637 the
353 2589 410 2648 only
419 2603 520 2695 persons
535 2587 590 2634 who
606 2603 651 2634 can
667 2587 738 2634 swim
755 2601 836 2634 across
853 2586 945 2634 riversl
978 2585 1032 2634 Can

121 2650 162 2696 the
174 2649 303 2708 Scythians
315 2659 355 2696 not
367 2648 416 2695 dot
436 2663 526 2694 esame
535 2647 554 2694 l’
934 2706 935 2709 Ἴ

148 2714 158 2738 ²
173 2709 213 2764 Ur,
225 2725 250 2756 as
260 2707 380 2767 aparticle
388 2707 415 2755 os
422 2707 570 2762 concession‚
584 2705 707 2766 ‘granting
715 2705 783 2752 that!
802 2704 848 2752 See
862 2704 942 2752 Gram.
952 2705 965 2756 i
976 2707 1029 2762 352,
1076 2759 1079 2766 ,

120 2778 175 2816 note
189 2772 208 2815 1.

149 2822 314 2885 ³Equivalent
326 2828 445 2887 tofructu.

149 2886 298 2941 ‘Exaudira
314 2892 353 2933 ‘to
364 2886 421 2933 hear
432 2900 459 2932 so
470 2900 496 2932 as
508 2894 533 2931 to
543 2883 706 2932 understand!

150 2953 157 2977 ¹
168 2945 190 2992 It
202 2944 279 3004 might
291 2945 342 2992 also
353 2944 413 2991 have
425 2946 488 2991 been
498 2945 585 2990 dicens.

148 3011 156 3035 ⁸
168 3004 233 3053 That
245 3005 274 3059 is,
291 3004 376 3064 ‘being
386 3001 516 3062 prevented
527 3004 559 3061 by
571 3001 612 3048 the
624 3001 682 3061 king
692 3001 753 3049 from
764 3001 851 3062 saying
861 3002 944 3050 more!

149 3064 230 3111 'This
239 3072 378 3123 statement,
393 3062 443 3109 that
452 3060 592 3109 Alexander
599 3076 649 3108 was
660 3061 775 3108 ashamed
786 3061 814 3108 ol
820 3061 875 3109 bein
903 3060 979 3109 under
989 3058 1031 3107 the

120 3122 238 3170 influence
250 3122 277 3170 ol
289 3121 452 3180 superstition,
466 3131 490 3167 at
507 3119 568 3166 least
587 3119 615 3167 of
626 3135 641 3167 a
656 3120 812 3178 superstition
822 3121 885 3168 whic
912 3118 1032 3178 belonged

119 3182 230 3241 properly
241 3192 266 3228 to
278 3182 347 3236 Asia,
361 3190 402 3228 not
420 3191 444 3227 to
457 3179 558 3234 Greeoe,
570 3179 592 3228 is
604 3195 618 3226 a
628 3179 779 3228 remarkable
795 3194 850 3236 one,
862 3179 974 3237 showing
989 3177 1032 3225 the

119 3241 280 3300 wide-spread
292 3238 464 3299 philosophicul
475 3238 543 3296 spirit
555 3237 582 3284 ol
594 3237 635 3285 the
647 3253 699 3298 age.

147 3305 156 3330 ⁸
169 3301 195 3348 ‘l
207 3317 246 3348 am
257 3300 321 3348 sure*
335 3306 453 3358 (compare
465 3297 566 3347 Gronab
577 3299 629 3352 404,
641 3307 696 3345 note
704 3301 727 3352 4)
741 3296 807 3345 ‘that
818 3296 849 3345 he
861 3311 917 3344 uses
927 3295 968 3342 his
976 3309 1040 3341 own

119 3357 215 3407 fearlor
226 3359 267 3406 the
279 3356 498 3417 interpretationes
509 3355 677 3405 theentrails.¹
773 3359 774 3362 ’
1008 3403 1015 3413 ,
1044 3389 1046 3393 «

145 3421 156 3446 ·
168 3417 252 3526 ‘Ylfiith
261 3433 328 3466 more
335 3419 462 3502 puietness
471 3417 533 3469 thau
540 3417 563 3469 is
570 3414 827 3481 postule-rhais,
836 3416 844 3438 ⁸
852 3401 1076 3481 bastart-mstis*

108 3489 188 3535 espec
230 3492 271 3527 orn
281 3492 331 3528 rna.
544 3495 549 3505 ·
