2274 3772
95 188 155 242 Μ
365 203 404 240 ue
428 202 536 241 ersus
556 201 731 241 traxerunt

96 310 163 364 tium
180 312 282 379 pignus,
298 327 380 378 quem
397 310 514 362 divisum
532 309 620 375 gladio
636 318 748 376 uterque
766 307 884 360 libabat.¹
920 308 1009 360 Credo

96 396 149 447 eos,
171 382 216 500 prii
236 381 325 447 gentis
342 396 431 432 mores
449 378 629 445 condiderunt,
649 395 728 446 parco
750 387 777 428 et
802 377 912 445 parabili
933 381 1008 430 rictu

95 458 170 501 osten
190 467 235 501 ere
249 449 363 501 voluisse
379 447 552 518 jungentibus
568 464 640 514 opes,
655 447 792 515 quantulo²
808 447 926 499 contenti
944 465 1009 500 esse

95 518 233 571 deberent.
267 519 322 570 Hoc
335 518 413 570 modo
426 534 471 570 rex
483 517 564 569 Asiae
577 525 603 568 et
616 518 737 584 Europae
749 517 924 568 introductam
938 518 1008 569 inter

95 588 247 640 convivales
267 588 343 639 ludos
361 587 527 643 matrimonio
550 586 599 638 sibi
622 586 751 655 adjunxit,
771 603 786 637 e
805 586 911 654 captiva
930 589 1008 653 geni-

97 669 179 726 turus,
187 659 231 726 qui
242 657 382 710 victoribus
394 659 544 724 imperaret.
574 655 694 708 Pudebat
706 656 814 721 amicos,
824 672 902 722 super
913 657 1008 708 vinum

95 735 123 779 et
140 727 233 795 epulas
252 745 372 779 socerum
390 744 424 778 ex
442 724 540 777 deditis
557 741 618 776 esse
635 724 786 777 delectum:
805 725 852 777 sed
870 736 928 793 post
944 726 1007 778 Cliti

95 796 209 918 l{tutandam
227 797 348 849 libertate
367 795 478 864 sublata,
492 794 575 863 vultu,
589 795 634 862 qui
646 794 762 847 maxime
775 795 863 863 servit,
877 797 1007 848 assentie-

131 866 210 918 ntur.³

133 940 173 987 17.
191 936 315 987 Ceterum
334 933 437 988 Indiam
450 942 477 986 et
489 932 551 986 inde
564 933 700 985 Oceanum
716 933 852 1000 petiturus,
865 949 899 984 ne
912 933 976 1000 quid
989 951 1006 986 a

96 1015 175 1071 tergo,
195 1005 264 1072 quod
283 1004 426 1056 destinata⁴
443 1003 571 1071 impedire
589 1010 685 1070 posset,
703 1012 861 1070 moreretur,
875 1018 909 1053 ex
921 1005 1006 1055 omni·

96 1073 146 1126 bus
168 1075 308 1143 provinciis
331 1074 401 1126 XXX
424 1073 497 1125 milia
524 1071 656 1142 juniorum
687 1071 740 1138 legi
767 1071 843 1140 jussit
867 1072 950 1122 etad
975 1089 1006 1124 se

93 1152 197 1195 armata
220 1144 336 1211 perduci,
360 1142 467 1195 obsides
489 1141 566 1194 simul
591 1141 728 1194 habiturus
750 1148 777 1192 et
801 1140 907 1193 milites.
943 1141 1007 1194 Cra-

95 1220 181 1265 terum
199 1221 288 1264 autem
310 1212 343 1264 ad
364 1211 561 1282 persequendos
577 1211 741 1263 Haustauem
760 1219 786 1262 et
804 1211 939 1278 Carenem,
958 1212 1007 1279 qui

94 1280 130 1335 ab
154 1283 209 1350 ipso
233 1283 394 1350 defecerant,
419 1282 507 1334 misit:
531 1297 642 1350 quorum
667 1281 816 1332 Haustanes
838 1288 932 1348 captus
955 1290 1005 1351 est,

94 1350 209 1404 Cateues
233 1353 258 1403 in
282 1352 379 1421 proelio
402 1351 514 1402 occisus.
551 1350 713 1419 Polypercon
733 1366 839 1418 quoque
859 1351 1005 1420 regionem,

94 1436 164 1489 quae
187 1421 329 1472 Bubacene
352 1420 519 1488 appellatur,⁶
542 1419 568 1473 in
592 1419 726 1472 dicionem
749 1418 860 1485 redegit.
900 1419 1005 1489 ltaque,

94 1489 219 1541 omnibus
237 1490 396 1557 compositis,
418 1488 591 1556 cogitationes
609 1489 634 1541 iu
654 1488 756 1542 bellum
776 1489 896 1540 Indicum
916 1490 1006 1541 vertit.

95 1558 177 1610 Dives
197 1558 269 1625 rugio
288 1557 436 1610 habebatur
453 1575 503 1610 non
522 1574 585 1609 auro
602 1558 688 1626 modo,
702 1557 751 1610 sed
765 1558 880 1626 gemmis
897 1574 1006 1626 quoque

95 1627 303 1694 margaritisque,
327 1626 361 1679 ad
386 1627 479 1679 luxum
507 1627 594 1694 magis
616 1645 697 1696 quam
720 1627 755 1679 ad
778 1627 1007 1695 magnificentiam

95 1696 209 1748 exculta.
245 1697 325 1749 Periti
349 1696 477 1749 militares
499 1713 563 1748 auro
587 1707 614 1748 et
637 1697 716 1749 ebore
734 1696 837 1764 fulgere
854 1696 1008 1749 dicebant2⁶

95 1765 193 1835 itaque,
225 1767 320 1819 necubi
344 1767 501 1835 vinceretur,
528 1783 591 1819 cum
619 1767 715 1819 ceteris
744 1775 896 1835 praestaret,
923 1767 1008 1820 scutis

95 1844 235 1903 argenteas
252 1836 350 1888 lamina
373 1838 384 1871 ⁷
401 1835 478 1904 equis
495 1835 583 1889 frenos
600 1853 695 1888 aureos
711 1835 821 1904 addidit,
835 1835 929 1888 loricas
940 1843 1007 1904 quo·

94 1921 148 1975 quo
167 1905 235 1958 alias
254 1923 325 1974 auro,
345 1853 412 1958 adias
431 1915 539 1974 argento
558 1906 702 1958 adornavit.
738 1904 807 1957 CXX
825 1905 900 1957 milia
919 1922 1008 1957 arma·

95 1984 179 2027 torum
193 1985 274 2043 erant,
288 1992 357 2044 quae
370 1993 459 2045 regem
472 1976 506 2027 ad
519 1976 546 2027 id
558 1975 659 2028 bellum
672 1974 857 2043 sequebantur.
890 1975 1008 2043 Jamque

95 2044 220 2096 omnibus
248 2047 418 2113 praeparatis,
442 2045 512 2113 quod
535 2045 599 2098 olim
622 2061 703 2114 prava
725 2053 816 2097 mente
839 2054 1006 2114 conceperat,

95 2121 159 2165 tunc
179 2130 238 2164 esse
259 2123 390 2166 maturum
411 2124 491 2183 ratus,
511 2132 626 2182 quonam
646 2113 725 2166 modo
746 2112 876 2166 coelestes
894 2113 1010 2167 honores

95 2193 240 2250 usurparet,
259 2184 346 2249 coepit
364 2184 473 2249 agitare.
508 2184 582 2237 Jovis
600 2184 683 2236 filium
702 2200 754 2235 non
771 2182 824 2235 dici
842 2192 945 2235 tantum
968 2201 1006 2253 se,

95 2249 244 2303 sedetiam
263 2251 335 2303 credi
354 2252 467 2320 volebat,
486 2261 613 2321 tanquam
632 2252 740 2321 perinde
757 2252 857 2304 animis
873 2252 1008 2320 imperare

95 2328 184 2443 posset
202 2337 233 2371 ac
252 2320 356 2389 linguis,
370 2321 459 2389 itaque
471 2338 545 2373 more
563 2322 701 2374 Persarum
721 2322 886 2374 Macedonas
897 2338 1010 2374 venera-

114 2389 209 2442 undos⁸
228 2391 314 2457 ipsum
340 2391 454 2442 salutare
481 2399 677 2460 prosternentes
700 2391 776 2443 humi
795 2408 910 2460 corpora.
946 2392 1008 2444 Non

94 2459 188 2512 deerat
211 2460 274 2512 talia
303 2461 501 2529 concupiscenti
527 2462 672 2529 perniciosa
696 2460 820 2530 adulatio,
845 2470 1009 2529 perpetuum

125 2574 132 2597 ¹
146 2568 199 2616 ‘Ol
211 2569 289 2616 which
301 2570 360 2617 each
371 2570 427 2617 ate!
460 2570 579 2630 Compare
590 2587 613 2619 v.
625 2575 647 2618 8.

124 2632 134 2656 ⁵
146 2627 231 2674 ‘With
243 2630 298 2676 how
310 2628 388 2676 little!

117 2690 135 2753 ᾗ
145 2686 226 2754 Thero
237 2704 286 2734 was
298 2688 321 2734 in
333 2688 398 2735 trutlr
410 2703 441 2734 no
451 2688 592 2736 reasonable
603 2689 695 2758 ground
706 2689 742 2736 for
752 2688 860 2748 blaming
872 2688 913 2736 the
924 2705 992 2749 youu

97 2743 138 2791 ltm
164 2760 171 2812 ξ
189 2761 263 2800 since,
277 2747 368 2814 though
380 2748 410 2793 he
422 2764 472 2795 was
483 2764 514 2795 no
525 2748 599 2795 doubt
611 2749 722 2796 milamed
735 2750 767 2808 by
779 2748 841 2803 love,
855 2748 904 2795 still
916 2749 946 2796 he
960 2709 1010 2800 had

97 2760 205 2863 thedngh
215 2806 294 2863 object
305 2820 328 2852 m
338 2807 400 2853 view
410 2806 437 2853 of
444 2808 537 2875 uniting
546 2809 578 2867 by
587 2807 635 2855 this
644 2808 760 2868 marriage
773 2807 869 2866 Europe
878 2808 924 2856 and
933 2809 1008 2867 Asia,

97 2863 681 2986 copr,ffirsopestiffi,Seouppgrffihrepgffiegssffieh
692 2926 722 2973 he
733 2926 780 2974 had
791 2925 901 2973 resolved
913 2929 998 2985 upon.’

126 2980 185 3026 ’An
197 2979 320 3027 unlmown
332 2985 450 3040 province.

115 3045 134 3108 Ι*
148 3039 247 3107 ‘Those
257 3039 312 3086 who
318 3057 384 3108 ‘were
394 3043 536 3102 acquainted
545 3043 603 3090 with
613 3043 654 3091 the
667 3055 768 3104 country
777 3043 829 3092 said
840 3043 891 3090 that
904 3042 945 3090 the
958 3046 1010 3094 sol-

97 3098 161 3147 diers
172 3098 283 3158 glittercd
293 3100 351 3146 with
362 3101 417 3159 gold
430 3102 475 3150 and
487 3103 571 3162 ivcry.'
600 3103 654 3150 The
664 3120 707 3151 nse
716 3103 744 3151 ol
750 3106 864 3152 militares
876 3102 912 3150 lor
920 3106 1011 3154 milites

97 3158 141 3206 hus
152 3173 183 3205 no
194 3157 267 3205 doubt
280 3173 294 3203 u
304 3158 424 3207 reference
435 3170 460 3208 to
472 3161 513 3208 the
524 3161 580 3218 fact,
593 3162 645 3210 that
656 3163 697 3211 the
709 3162 814 3223 soldiery
824 3161 918 3210 formed
929 3163 954 3210 in
967 3164 1011 3212 In-

97 3217 136 3265 dia
147 3233 161 3264 a
171 3227 279 3275 separate
292 3217 362 3264 class.

126 3280 134 3303 τ
147 3282 153 3302 t
257 3277 262 3298 ¹

125 3276 351 3396 ”tiddidffippingr
369 3339 478 3385 uenerari
493 3337 585 3393 (Greek
600 3344 726 3401 προςκυνεῒν)
742 3339 801 3388 does
818 3349 859 3389 not
876 3340 969 3389 consist
987 3343 1013 3391 in

84 3410 155 3443 mere
164 3396 343 3458 genuflection‚
353 3397 398 3447 but
409 3396 435 3447 in
445 3397 570 3461 throwing
579 3399 649 3447 onds
658 3396 706 3447 seli
712 3399 830 3458 upouthe
837 3398 939 3460 moriad,
946 3401 1013 3451 with

78 3453 121 3502 the
132 3455 189 3507 {ace
200 3458 371 3514 downwards.
