2274 3772
493 158 584 200 umnr
604 160 646 201 rn.
981 143 1021 198 ⁴8

114 269 141 323 in
165 285 227 322 arce
249 268 389 340 tutissima,
413 267 441 322 in
484 269 602 325 roditoris
622 269 762 340 reliquerat
785 267 916 322 manibus.
951 267 1022 321 Gan·

114 339 197 408 gabae
222 339 322 397 Persae
350 347 445 391 vocant
464 286 587 392 humeris
613 355 693 391 onera
718 339 877 408 portantes:¹
905 336 931 390 hi
959 353 1021 390 curu

115 409 236 461 tolerare*
252 427 303 462 non
321 417 434 478 possent,
448 409 544 478 quippe
563 418 590 461 et
608 409 723 478 procella
741 408 827 461 subito
846 407 937 460 nivem
955 405 1022 459 effu·

115 477 196 547 derat,
210 487 236 530 et
248 477 347 531 humus
359 477 459 545 rigebat
470 477 540 548 gelu,
553 485 614 530 tum>
622 478 754 530 astrictas⁸
765 487 861 544 vestes,
875 493 942 545 quas
958 492 1021 528 curn

114 547 227 617 pecunia
244 548 390 617 portabant,
408 564 471 600 auro
490 554 516 598 et
533 563 646 617 purpura
669 547 793 615 insignes,
813 546 931 612 induunt,
951 544 1022 597 nulio

133 616 252 670 rohibere
264 634 335 686 auso,
349 633 410 669 curn
423 617 526 668 fortuna
543 618 612 684 regis
629 617 710 668 etiam
729 615 885 669 humillimis
896 615 922 667 in
934 614 1022 683 ipsum

114 634 370 739 dcentiamiaceret.
407 686 555 743 Praebuere
567 701 628 754 ergo
640 685 806 738 Parmenioni
818 702 895 737 nons
932 683 1023 735 mendi

114 756 228 823 agminis
239 757 374 825 speciem:
410 756 437 807 ui
457 754 596 807 intentiore
613 771 676 806 cura
694 765 762 822 snos,
776 755 851 823 quasi
869 771 886 805 a
921 752 1020 823 justum

114 824 244 894 proelium
263 826 355 894 paucis
408 824 532 893 hortatus,
546 824 620 892 equis
639 823 751 885 calcaria
768 823 844 894 jubet
861 823 982 890 subdere,
996 830 1023 874 et

114 893 169 946 acri
182 895 284 963 impetu
294 894 322 947 in
336 893 438 946 hostem
451 892 540 944 evehi.
576 895 611 945 At
630 891 673 961 iili,
687 893 732 961 qui
744 893 794 946 sub
805 891 928 944 oneribus
939 901 1022 959 erant,

114 963 220 1015 omissis
239 979 285 1031 per
304 973 416 1030 metum,
438 970 580 1030 capessunt
600 961 707 1030 lugam:
731 963 824 1014 armati
845 978 956 1030 quoque,
978 961 1023 1029 qui

115 1048 162 1083 eos
184 1031 429 1100 prosequebantur,⁴
451 1030 546 1083 eodem
573 1040 647 1084 metu
676 1048 750 1084 arma
775 1029 881 1100 jactare,
906 1047 938 1082 ac
963 1041 1023 1082 nota

115 1100 281 1153 diverticula⁶
293 1109 383 1168 petere
401 1109 552 1168 coeperunt.
588 1100 748 1170 Praefectus,
762 1102 836 1170 quasi
849 1100 896 1152 eti
916 1117 945 1152 se
963 1116 1024 1151 con-

116 1170 228 1238 territus,
252 1169 390 1221 simulans⁸
417 1181 513 1222 cuncta
547 1185 643 1240 pavore
670 1170 856 1238 compleverat.
893 1118 1022 1222 iacebant

116 1238 177 1291 totis
188 1238 291 1307 campis
301 1255 366 1307 opes
384 1239 479 1309 regiae,
493 1239 538 1291 illa
556 1241 669 1309 pecunia
687 1239 824 1308 stipendio
835 1238 936 1306 ingenti
954 1238 1023 1290 mili·

116 1315 173 1359 tum
196 1317 356 1376 praeparata,
370 1308 420 1361 'iile
440 1309 527 1361 cultus
547 1317 584 1361 tot
602 1308 729 1361 nobilium
749 1309 873 1376 virorum,
895 1316 931 1359 tot
951 1307 1024 1360 illus·

116 1377 195 1429 trium
213 1376 378 1447 feminarum,
391 1394 472 1430 aurea
488 1394 560 1446 vasa,
573 1379 646 1431 aurei
665 1378 740 1447 freni,
755 1377 924 1430 tabernacula
942 1376 1023 1444 regali

114 1446 311 1513 magnificentia
330 1460 428 1516 emata,
448 1446 572 1500 vehicula
592 1463 697 1517 quoque
712 1446 735 1500 'a
755 1448 811 1500 suis
829 1447 965 1525 destituta,
986 1448 1023 1498 in·

113 1516 200 1582 gentis
217 1515 368 1584 opulentiae
386 1516 473 1585 plena,
492 1516 576 1569 iacies
593 1518 674 1569 etiam
692 1517 881 1585 praedantibus
900 1518 986 1584 tristis,
1000 1516 1023 1568 si

115 1584 169 1652 qua
189 1602 231 1636 res
247 1585 386 1638 avaritiam
405 1588 568 1638 moraretur.⁷
602 1585 705 1654 Quippe
718 1595 755 1639 tot
767 1602 894 1638 annorum
911 1585 1022 1637 incredi-

113 1653 160 1705 bili
172 1653 294 1706 etfidem
311 1655 457 1707 excedente
475 1655 578 1708 fortuna
596 1655 736 1724 cumulata,
751 1663 813 1708 tunc
831 1655 884 1706 alia
896 1654 1023 1723 stirpibus

114 1722 235 1791 lacerata,
254 1723 306 1775 alia
323 1723 355 1791 in,
366 1729 479 1776 coenum
497 1724 620 1777 demersa
638 1724 823 1778 eruebantur:⁸
840 1741 891 1776 non
909 1723 1023 1776 sufficie·

113 1792 178 1844 bant
190 1791 371 1861 praedantium
385 1810 480 1845 manus
491 1793 615 1861 praedae.

148 1865 189 1912 35.
212 1861 326 1930 Jamque
353 1862 433 1914 etiam
457 1861 491 1915 ad
515 1861 637 1932 eos,·qui
659 1863 737 1931 primi
760 1860 888 1929 fugerant,
914 1870 1023 1914 ventum

113 1940 185 1982 erat:
215 1930 333 1982 feminae
356 1931 510 2000 pleraeque⁹
532 1949 626 2053 qarvos
649 1930 784 1984 trahentes
812 1931 910 1983 liberos
940 1930 1021 1982 ibant.

113 1999 262 2068 intorques
279 1999 354 2052 luere
366 2000 480 2070 virginis,
493 2001 531 2053 Oc
552 2002 568 2070 i,
581 2001 626 2069 qui
644 2010 705 2052 ante
724 2001 839 2053 Dareum
859 2008 1021 2067 regnaverat,

112 2068 191 2137 filiae,
217 2069 279 2122 oiim
302 2068 409 2138 quidem
435 2079 469 2123 ex
491 2070 595 2138 fastigio
623 2078 731 2138 paterno
761 2085 848 2122 rerum
877 2072 1022 2138 mutatione

112 2136 254 2205 detractae,
274 2139 320 2190 sed
341 2147 397 2192 tum
419 2148 516 2192 sortem
534 2157 628 2194 earum⁴
643 2138 776 2192 crudelius
793 2147 953 2207 aggravante
971 2136 1022 2189 ior-

114 2215 186 2258 tuna.
233 2207 261 2259 ln
285 2207 380 2260 eodem
403 2226 483 2276 grege
507 2226 572 2261 uxor
594 2225 699 2278 quoque
727 2207 849 2280 ejusdem
873 2207 939 2260 Ochi
963 2206 1021 2275 fuit,

113 2275 288 2344 Oxathrisque
301 2277 392 2346 (irater
404 2277 448 2330 hic
461 2288 522 2330 erat
542 2279 631 2348 Darei)
643 2279 704 2347 filia,
718 2288 744 2330 et
762 2277 875 2346 conjunx
887 2277 1021 2344 Artabazi,

112 2343 238 2466 principis
260 2356 467 2417 purpuratorum,
492 2357 519 2400 et
548 2348 626 2413 filius,
652 2348 695 2399 cui
720 2348 819 2399 liionec
843 2346 892 2397 init
917 2362 1021 2396 nornen.

136 2412 277 2466 harnabuzi
290 2430 402 2482 quoque,
415 2417 459 2468 cui
478 2433 613 2469 summurn
632 2417 773 2484 imperium
792 2416 941 2466 maritimae
960 2430 1021 2465 orae

111 2522 203 2581 meunt,
212 2523 253 2560 not
260 2512 301 2560 the
308 2514 437 2576 buildings.
448 2511 503 2563 'But
510 2515 659 2571 sometimes,
669 2516 828 2563 whenastate
835 2515 954 2563 coincides
962 2514 1021 2563 with

111 2589 126 2620 a
136 2570 418 2690 qrqssgpqstegffltpqqper
428 2584 453 2622 to
464 2574 505 2623 the
516 2590 562 2622 one
573 2575 594 2622 is
604 2574 727 2640 uleoused
737 2575 773 2622 ior
784 2574 824 2625 the
836 2574 905 2622 other

139 2695 150 2719 ⁹
163 2691 216 2737 ‘As
227 2667 286 2750 they
297 2667 424 2739 contusum
439 2691 616 2752 enatura-sup

111 2748 187 2796 dens.¹
207 2748 279 2810 They
288 2766 351 2798 vvere
360 2751 504 2819 benqmbed.
522 2751 545 2799 It
554 2766 604 2800 was
612 2708 652 2820 tire
662 2763 849 2806 wrnterseascn,
861 2768 917 2820 near
926 2752 966 2799 the
974 2752 1021 2801 end

110 2808 379 2927 ⁰f·3¹3i1⁸ed⁰dpi9dth⁰
390 2822 488 2858 wintere
499 2827 538 2859 are
550 2825 635 2859 severe
645 2810 732 2873 inthat
743 2822 795 2871 part
806 2810 833 2859 os
846 2811 923 2871 Syna.

140 2932 148 2955 ⁴
161 2930 167 2952 ‘
177 2926 302 2974 Escorted’
316 2943 343 2975 us
353 2944 368 2976 a
377 2927 460 2989 guard.

140 2993 148 3016 ⁸
161 2985 331 3045 ‘Bye·paths.'
803 3040 805 3042 ,

138 3050 147 3075 ⁸
158 3045 183 3090 A
201 3046 280 3103 pearin
309 3055 334 3093 to
345 3047 374 3093 be
386 3046 520 3106 srightened
532 3044 637 3101 himself,
650 3046 680 3094 he
691 3047 811 3106 produced
822 3047 879 3096 sear.

122 3161 128 3171 ⁹
139 3108 147 3131 ¹
159 3060 213 3151 Tio
224 3061 314 3164 greedy
324 3117 470 3165 conquerere
481 3105 521 3153 did
532 3115 574 3154 not
585 3106 642 3154 take
654 3107 711 3155 time
723 3117 748 3154 to
759 3106 830 3155 meite
842 3106 902 3155 such
913 3122 927 3153 a
937 3106 1020 3153 reflec-

110 3171 168 3288 trqn,
178 3220 251 3269 Were
263 3221 351 3282 socght
360 3233 410 3280 ont,
421 3224 467 3271 and
478 3204 566 3283 pickcd
574 3225 623 3283 up!
656 3225 711 3273 The
722 3191 811 3293 verbis
821 3191 952 3274 connected
961 3223 1020 3271 with

111 3280 391 3398 dsqqrefflqrtrtpqlpqrgs
402 3282 462 3339 also,
476 3282 626 3343 thoughnot
637 3299 666 3333 so
676 3283 860 3343 appropriatam,
874 3292 899 3329 to
911 3285 1019 3330 lacerata.

110 3397 112 3400 ’
139 3401 149 3426 ’
162 3402 168 3424 ¹
178 3396 245 3446 Most
256 3375 286 3446 uf
291 3376 363 3448 theru¹
370 3399 465 3461 leading
476 3400 539 3448 their
548 3400 611 3450 little
621 3401 730 3472 children
740 3402 773 3460 by
784 3400 825 3448 the
836 3399 917 3448 hund!

633 2692 667 2753 ly,
683 2692 737 2762 {the
749 2692 838 2753 weight
855 2691 883 2740 ol
894 2693 955 2740 their
966 2693 1020 2741 hur-
