2274 3772
162 145 220 210 251⁰
425 160 464 198 ou
488 161 594 200 cusrrs
617 161 800 200 rraxannru.

161 287 209 322 nos
226 268 288 338 jube
307 268 375 334 duci,
390 279 425 337 ut,
439 269 508 338 quod
527 287 559 322 ex
578 280 623 323 tua
640 281 725 322 morte
743 271 910 341 petieramus,
924 288 1077 341 consequa·

161 356 220 391 mur
234 355 268 390 err
280 340 385 390 nostra¹
422 339 495 390 llaec
509 339 672 402 Hermolaus.

196 414 236 460 26.
256 411 290 460 At
310 424 371 460 rex:
396 409 482 466 Quam
500 408 568 461 salsa
585 411 644 479 sint,
664 409 756 478 inquit,
777 427 845 480 quae
870 411 920 461 iste
940 410 1039 462 tradita
1059 429 1076 463 a

161 479 284 544 magistro
297 495 344 529 suo
357 478 429 547 dixit,
443 479 571 546 patientia
590 497 650 531 mea
669 480 790 531 ostendit.
827 479 984 532 Confessum
998 481 1076 532 enirn

160 547 282 599 ultimum
295 546 408 616 lacinus,
421 558 512 600 tamen
525 565 574 600 non
589 548 673 600 solum
692 549 788 619 audivi,
803 551 849 602 sed
861 558 890 601 ut
903 549 952 618 ipsi
966 550 1075 602 audire-

160 617 200 682 tis,
220 618 346 686 expressi,
366 634 416 669 non
435 618 596 687 imprudens,
616 636 678 670 curn
697 619 878 688 permisissem
898 619 989 670 latroni
1008 617 1076 672 huic

159 687 255 752 dicere,
269 704 378 738 usurum
397 705 459 739 eum
478 687 556 756 rabie,
570 705 623 756 qua
641 688 794 757 compulsus
812 699 860 758 est,
875 697 902 740 ut
921 705 974 756 me,
988 706 1074 757 quem

158 757 274 825 parentis
297 756 354 808 loco
377 756 463 809 colere
487 756 604 826 deberet,
627 757 707 809 vellet
727 758 858 810 occidere.
894 759 987 826 Nuper
1007 775 1075 811 cum

158 826 294 893 procacius
313 843 341 877 se
361 827 387 878 in
407 827 545 879 venatione
563 827 696 896 gessisset,
710 845 783 879 more
802 828 892 897 patrio,
906 838 932 879 et
950 827 986 879 ab
1004 829 1075 880 anti-

157 895 293 962 quissimis
312 896 485 948 Macedoniae
505 898 608 965 ragum²
626 908 757 966 usurpato,
771 898 893 964 castigari
913 914 975 948 eum
994 895 1073 966 jussi.

158 965 213 1017 Hoc
238 975 264 1016 et
288 975 388 1033 oportet
411 967 476 1034 fieri,
502 976 528 1018 et
552 967 591 1019 ut³
613 983 629 1018 a
653 967 781 1019 tutoribus
805 967 904 1036 pupilli,
928 985 944 1018 a
968 969 1075 1021 maritis

156 1045 258 1104 uxores,
272 1035 355 1086 servis
374 1052 478 1105 quoque
496 1053 591 1105 pueros
608 1035 687 1106 hujus
705 1038 800 1089 aetatis
818 1037 957 1089 verberare
976 1053 1074 1088 conce·

157 1103 252 1156 dimus.
289 1105 540 1158 Haecestsaevitia
558 1106 584 1158 in
603 1106 690 1175 ipsum
708 1123 777 1175 mea,
810 1123 873 1158 uam
891 1106 973 1174 impia
985 1106 1074 1158 caede

156 1173 238 1226 voluit
262 1174 362 1226 ulcisci.
410 1175 481 1227 Nam
504 1177 531 1227 in
555 1184 664 1244 ceteros,
690 1176 735 1244 qui
758 1123 823 1228 milri
847 1177 1003 1244 permittunt
1032 1178 1072 1229 uti

156 1242 259 1313 ingenio
272 1261 339 1312 meo,
350 1261 435 1313 ,quam
446 1245 519 1296 mitis
531 1245 589 1313 sim,
603 1261 654 1297 non
670 1245 800 1314 ignoratis,
814 1254 840 1297 et
859 1261 1073 1298 commemorare

156 1330 351 1383 supervacuum
378 1321 426 1367 est.
475 1314 616 1366 Hermolao
642 1315 832 1384 parricidarum
860 1314 990 1384 supplicia
1018 1332 1072 1368 non

154 1384 266 1504 probari,
281 1401 343 1435 cum
357 1385 452 1435 eadem
466 1383 523 1452 ipse
540 1384 675 1452 meruerit,
689 1384 799 1437 minime
818 1383 927 1436 hercule
944 1383 1071 1437 admiror.

171 1454 226 1505 Yam
249 1469 312 1504 curn
336 1451 538 1505 Parmenionem
563 1462 589 1506 et
613 1453 745 1507 Philotam
774 1453 872 1520 laudat,
898 1471 963 1506 suae
987 1454 1072 1507 servit

154 1539 260 1573 carrsae.
296 1522 445 1590 Lyncesten
467 1539 529 1574 vero
553 1523 734 1576 Alexandrum
754 1523 795 1576 bis
816 1523 968 1576 insidiatum
988 1525 1072 1594 capiti

155 1607 214 1642 meo
227 1608 242 1642 a
255 1591 359 1643 duobus
376 1590 508 1644 indicibus
524 1591 642 1662 liberavi,
656 1609 744 1645 rursus
762 1593 915 1645 convictum
934 1609 982 1662 per
994 1593 1071 1646 bien-

154 1661 227 1711 nium
242 1668 330 1712 tamen
340 1659 446 1729 distuli,
464 1659 548 1713 donec
561 1679 608 1714 vos
620 1662 796 1731 postularetis,
811 1671 838 1714 ut
851 1663 961 1715 tandem
974 1662 1071 1716 debito

154 1729 282 1798 supplicio
295 1729 384 1782 scelus
402 1729 495 1784 lueret.
531 1731 652 1784 Attalum
670 1741 815 1802 antequam
834 1748 881 1785 rex
898 1748 994 1801 essem,
1009 1732 1071 1787 hos·

155 1801 220 1852 tem⁴
242 1816 304 1851 meo
327 1799 408 1870 capiti
435 1800 518 1854 fuisse
545 1801 715 1854 meministis.
762 1801 845 1854 Clitus
872 1801 975 1854 utinam
1006 1807 1072 1856 non⁵

153 1869 284 1937 coegisset
297 1887 341 1922 me
360 1870 410 1924 sibi
429 1870 514 1923 irasci.
551 1871 634 1940 Cujus
651 1870 819 1923 temerariam
838 1871 954 1940 linguam
973 1871 1071 1941 probra

153 1938 266 1992 dicentis
289 1940 356 1993 mihi
380 1950 407 1994 et
430 1941 505 1993 vobis
529 1939 628 1992 diutius
652 1940 707 2009 tuli,
730 1958 810 2009 quam
832 1940 877 1992 ille
900 1940 997 1993 eadem
1022 1958 1071 1995 me

152 2008 287 2063 dicentem
317 2010 429 2063 tulisset.
477 2012 580 2079 Regum
610 2011 763 2078 ducumque
789 2010 933 2062 clementia
960 2027 1011 2062 non
1042 2013 1070 2065 in

153 2079 267 2147 ipsorum
281 2080 366 2147 modo,
381 2080 428 2132 sed
447 2081 528 2132 etiam
542 2081 567 2131 in
581 2080 694 2149 illorum,
708 2081 753 2148 qui
772 2091 871 2148 parent,
885 2080 999 2148 ingeniis
1017 2081 1070 2133 sita

152 2159 199 2200 est.
237 2148 369 2217 Obsequio
388 2149 542 2217 mitigantur
562 2150 689 2219 imperia:
710 2150 757 2201 ubi
774 2167 836 2202 vero
852 2150 1000 2201 reverentia
1021 2168 1069 2204 ex-

153 2218 231 2268 cessit
249 2219 353 2285 animis,
368 2226 394 2270 et
413 2237 518 2271 summa
536 2219 596 2270 imis
614 2217 821 2290 contundimus,⁶
838 2220 864 2271 vi
883 2216 949 2288 opus
967 2228 1016 2289 est,
1039 2231 1069 2274 ut

152 2287 205 2338 vim
222 2287 388 2356 repellamus.

188 2362 218 2408 27
223 2397 227 2408 .
247 2357 299 2410 Sed
312 2356 376 2425 quid
390 2373 439 2425 ego
451 2357 537 2427 mirer,
551 2357 632 2410 istum
650 2358 834 2410 crudelitatem
846 2356 911 2411 mihi
922 2357 1067 2428 objecisse,

152 2428 197 2496 qui
212 2428 352 2480 avaritiam
371 2427 526 2497 exprobrare
545 2444 625 2480 ausus
643 2429 677 2479 sit
684 2429 696 2479 l
731 2428 798 2481 Nolo
818 2427 1069 2496 singulasvestmm

152 2599 191 2635 not
205 2591 237 2648 by
247 2590 416 2648 punishments
432 2589 524 2637 burdeu'
535 2606 601 2638 more
611 2590 725 2650 heavily.’
759 2591 821 2644 This
833 2591 987 2639 would'have
1000 2594 1066 2641 been

153 2647 193 2693 the
205 2650 318 2708 meaning
330 2649 389 2697 with
400 2667 466 2705 nom
485 2651 527 2696 but
540 2649 605 2696 since
617 2665 655 2696 we
667 2650 727 2697 have
739 2667 775 2705 ne,
789 2666 826 2696 we
839 2660 902 2697 must
915 2651 1066 2700 understand

152 2705 203 2753 that
215 2707 256 2753 the
268 2708 370 2766 speaker
381 2708 486 2767 changes
497 2708 559 2755 from
570 2709 611 2755 the
623 2719 753 2756 statement
762 2709 790 2756 ol
797 2725 810 2756 a
822 2709 869 2757 sact
881 2710 930 2757 into
939 2726 953 2757 a
962 2726 1064 2770 prayer:

154 2765 252 2823 ‘Spera
267 2766 313 2813 and
326 2767 356 2814 do
367 2777 408 2814 not
420 2767 511 2815 burden
523 2783 588 2814 more
598 2768 694 2828 heavily
705 2768 767 2815 their
778 2768 892 2816 childless
904 2769 944 2817 old
954 2771 1017 2830 age!

181 2843 187 2864 ¹
198 2837 345 2898 Beautilull)⁷
356 2840 402 2887 and
414 2840 515 2900 lorcibly
526 2840 670 2899 expressed3
690 2841 757 2889 ‘that
768 2855 806 2889 we
816 2858 872 2901 may
882 2844 964 2890 obtain
976 2845 1009 2904 by
1019 2859 1067 2893 our

152 2912 207 2944 own
216 2897 288 2944 death
297 2899 361 2945 what
371 2915 407 2946 we
417 2900 463 2947 had
474 2900 562 2960 sought
575 2902 606 2960 by
618 2900 684 2948 thino
693 2902 709 2958 ;’
720 2901 826 2961 namely,
839 2901 990 2950 deliverance
1002 2903 1066 2952 from

153 2956 289 3015 indignities
301 2957 347 3004 and
359 2959 456 3018 misery.

154 3034 190 3137 G²
199 3029 392 3139 Regpbp7s5wpuld
401 3031 461 3078 hare
473 3033 535 3079 been
544 3047 609 3080 more
618 3031 746 3093 according
756 3041 781 3080 to
792 3033 862 3081 usual
871 3034 983 3091 practice.
1016 3034 1066 3084 See

178 3107 289 3202 iffi„
301 3125 335 3200 fdr
347 3124 372 3202 itt
385 3169 420 3200 we
432 3154 488 3202 read
492 3157 588 3215 ferunt,
601 3160 754 3206 verberantur
764 3167 828 3205 must
845 3158 875 3205 be
892 3157 966 3206 taken
981 3168 1025 3206 out
1036 3160 1066 3207 ol

152 3214 192 3261 tho
204 3213 320 3260 infinitivo
332 3216 457 3261 verberare.

180 3284 188 3306 ⁴
202 3283 207 3303 ‘
218 3278 288 3336 Operi
299 3278 404 3336 enemy.’

177 3337 266 3387 ⁶More
277 3336 417 3400 commonly
428 3354 465 3386 ne.
498 3338 545 3387 See
557 3339 639 3388 Grnm.
652 3339 665 3391 i
676 3342 729 3397 350,
743 3350 798 3388 note
811 3346 831 3388 l.

164 3412 294 3476 ornaris,
310 3415 445 3469 ‘wheuwe
453 3412 1065 3472 multenedillereneebetneenlx'mganosub'reat.’
