2274 3772
113 53 153 111 hd
181 108 184 113 ,
378 69 417 108 us
442 68 549 113 oneris
572 66 754 109 russanum.

113 186 180 233 sent.
216 177 310 230 Contra
322 178 395 248 Tyrii
406 176 513 244 navigia
530 176 619 246 procul
631 192 647 227 a
660 184 800 245 conspectu
820 174 932 227 hostium
952 174 1021 229 litori

112 246 255 318 apellunt,
279 248 456 316 expositisque
481 246 614 314 militibus,
639 262 692 313 eos,
717 245 762 314 qui
785 261 849 298 saxa
871 244 1021 314 gestabant,

113 265 276 370 obtruncant.
324 318 352 369 In
377 317 477 368 Libano
500 332 604 384 qnoque
628 316 746 368 Arabum
771 316 897 380 agrestes¹
921 315 1022 366 incom-

147 389 210 438 sitos
227 385 390 438 Macedonas
407 385 497 451 adorti,
518 385 622 451 triginta
639 384 695 435 fere
710 383 879 450 interficiunt,
893 383 1022 451 pauciori·

132 472 163 514 us
180 455 274 524 captis.
313 456 352 508 Ea
372 453 609 506 resrslexandrum
629 453 748 505 dividere
767 454 855 520 copias
873 454 974 520 co'e'git:
994 462 1021 505 et

112 542 146 578 ne
159 524 273 592 segniter
289 525 407 576 assidere
424 525 468 575 uni
488 523 546 574 urbi
564 522 705 591 videretur,
718 523 789 590 operi
803 523 946 574 Perdiccan
959 524 1022 574 Cra·

113 595 249 663 terouque⁹
262 593 397 662 praefecit,
411 594 467 660 ipse
485 609 548 644 curn
565 593 687 660 expedita
707 607 786 643 manu
798 593 921 644 Arabiam
935 591 1023 660 petiit.

149 663 277 716 rainer
301 663 367 715 haec
395 661 466 730 Tyrii
495 679 592 713 navem
615 660 796 729 magnitudine
818 662 925 728 eximia,
950 661 1023 714 saxis

112 749 244 801 arenaque
258 749 275 784 a
294 732 545 802 puppilrcneratam,
559 731 595 782 ita
612 741 640 782 nt
659 731 770 782 multum
789 746 863 797 prora
881 731 1020 800 emineret,

113 802 242 855 bitumine
262 819 294 853 ac
314 802 438 870 sulphure
459 800 550 851 illitam
572 801 651 852 remis
674 801 885 866 concitaverunt,
909 798 1019 852 etcum

113 884 237 938 magnam
260 871 316 923 vim
340 872 410 922 venti
433 870 490 921 vela
509 886 613 938 quoque
633 869 822 936 concepissent,
843 870 966 921 celeriter
985 869 1020 923 ad

112 940 211 992 molem
223 940 365 994 successit:
386 950 440 991 tum
460 956 533 1007 prora
552 939 610 1007 ejus
626 956 746 1004 accensa,
762 939 875 1006 remiges
887 938 1021 990 desiluere

114 1011 139 1061 in
163 1009 283 1078 scaphas,
307 1026 376 1077 quae
399 1008 433 1059 ad
458 1009 507 1060 hoc
531 1008 617 1075 ipsum
640 1017 810 1076 praeparatae
833 1008 1020 1076 sequebantur.

112 1079 195 1131 Navis
206 1088 296 1131 autem
309 1078 370 1146 igne
383 1087 509 1146 concepto
528 1076 607 1128 larius
624 1076 733 1129 sundere
753 1076 902 1128 incendium
923 1077 1021 1147 coepit,

111 1148 188 1216 quod,
210 1149 360 1217 priusquam
386 1156 473 1216 posset
497 1144 596 1197 occurri
627 1155 709 1198 turres
732 1154 757 1197 et
782 1155 870 1197 cetera
891 1163 971 1213 opera
993 1146 1021 1199 in

112 1217 199 1285 capite
222 1217 300 1270 molis
321 1217 406 1285 posita
426 1184 634 1284 comprehendit.
681 1217 716 1267 At
739 1216 783 1282 qui
807 1215 968 1266 desiluerant
992 1215 1022 1268 iu

112 1303 192 1364 parva
212 1286 336 1354 navigia,
349 1286 429 1353 laces,
444 1295 477 1336 et
501 1283 625 1353 quicquid
649 1285 744 1336 alendo
764 1284 818 1351 igni
841 1294 933 1352 aptum
955 1293 1021 1353 erat,

113 1372 139 1407 m
158 1355 254 1407 eadem
274 1371 355 1423 opera
373 1355 501 1421 ingerunt.
537 1354 650 1424 Jamque
671 1371 720 1405 uon
743 1355 821 1406 modo
841 1353 1022 1407 Macedonum

112 1432 203 1490 turres,
217 1424 357 1476 sedetiam
376 1440 482 1475 summa
499 1422 627 1476 tabulata⁴
644 1436 816 1491 conceperant
835 1425 937 1490 ignem:
957 1439 1022 1477 curu

113 1492 148 1560 hi,
161 1491 245 1571 quiin
265 1492 378 1544 turribus
396 1501 477 1560 erant,
492 1492 586 1560 partim
605 1493 769 1545 haurirentur
781 1491 909 1553 incendio,
923 1492 1021 1560 pa'rtiru

112 1578 194 1614 arturs
210 1561 323 1628 omissis,
342 1561 368 1613 in
386 1578 460 1613 mare
477 1570 563 1613 semet
581 1562 630 1632 ipsi
650 1562 833 1614 immitterent.
881 1562 1021 1632 Ar-Tyrii,

112 1632 157 1701 qui
175 1647 270 1698 capere
289 1647 342 1699 eos,
360 1647 439 1699 quam
459 1630 606 1682 interlicere
624 1631 906 1696 mallent,'natantium
917 1636 1024 1684 ‘manus

113 1700 245 1770 stipitibus
263 1699 387 1768 saxisque
406 1699 564 1768 lacerabant,
584 1700 668 1753 donec
691 1700 831 1752 debilitati⁶
848 1701 957 1768 impune
974 1717 1021 1752 na·

113 1768 287 1838 vigiiseacipi
317 1773 418 1822 ossent:
450 1770 508 1822 Nec
527 1769 647 1822 incendio
666 1769 750 1821 solum
764 1786 843 1837 opera
855 1777 1021 1838 consumpta,

113 1840 158 1890 sed
178 1838 244 1891 forte
262 1786 357 1891 ecdem
376 1838 420 1890 die
433 1838 614 1891 vehementior
626 1848 720 1891 ventus
740 1848 822 1890 totum
840 1855 875 1891 ex
892 1838 1023 1907 profundo

112 1925 186 1960 mare
205 1907 280 1960 illisit
296 1908 321 1960 in
342 1908 448 1974 molem,
463 1907 614 1976 crebrisque
634 1908 758 1960 fluctibus
773 1924 916 1976 compages
933 1909 1024 1976 operis

113 1976 266 2029 verberatae
278 1975 422 2044 laxavere,⁸
434 1994 550 2044 saxaque
564 1977 717 2029 interfluens
730 1979 799 2029 unda
817 1976 938 2029 medium
955 1993 1024 2046 opus

113 2044 190 2114 rupit.
226 2045 340 2098 Prorutis
357 2045 435 2112 igitur
453 2045 571 2113 lapidum
590 2046 710 2113 cumulis,
723 2046 820 2114 quibus
837 2045 934 2114 injecta
952 2056 1024 2099 terra

113 2113 297 2183 sustinebatur,
318 2130 446 2182 praeceps
469 2114 496 2165 in
515 2113 675 2181 profundum
698 2118 757 2183 ruit,
779 2124 919 2183 tantaeque
942 2114 1024 2169 molis

113 2182 158 2236 vix
169 2181 223 2235 ulla
235 2183 347 2251 vestigia
358 2182 457 2235 invenit
469 2183 577 2236 Arabia⁷
588 2184 693 2236 rediens
705 2184 864 2237 Alexander.

148 2256 187 2304 1³.
207 2251 356 2322 Hic,⁸quod
373 2253 398 2304 in
411 2251 530 2305 adversis
548 2253 628 2306 rebus
645 2253 711 2306 solet
729 2255 794 2322 fieri,
807 2254 875 2305 alins
893 2253 919 2306 in
936 2253 1023 2308 alium

112 2321 218 2390 culpam
242 2321 495 2390 referebant,⁹‘cum
518 2330 612 2374 omnes
634 2324 723 2375 verius
745 2323 779 2375 de
804 2322 915 2375 saevitia
939 2323 1024 2376 maris

112 2391 186 2460 queri
204 2400 320 2460 possent.
352 2392 411 2458 ¹Rea
431 2392 491 2444 novi
509 2393 595 2461 operis
615 2392 714 2445 molem
733 2408 814 2461 orsus,
833 2392 861 2443 in
876 2391 1022 2446 adversum

112 2470 221 2514 ventum
234 2477 284 2514 uon
296 2461 386 2530 latere,
399 2460 447 2517 sed
460 2471 531 2514 recta
543 2461 626 2514 fronte
644 2462 756 2516 direxit:
774 2479 807 2514 ea
824 2471 914 2514 cetera
930 2476 1021 2542 opera,

112 2528 184 2581 velut
196 2529 246 2583 sub
263 2530 320 2600 ipsa
337 2530 454 2599 latentia,
467 2530 605 2583 tuebatur:
625 2530 790 2584 latitudinem
808 2547 912 2599 quoque
929 2546 1024 2598 aggeri

766 2622 1018 2631 -—-—--—-—--—

113 2718 117 2726 Ι
140 2658 214 2744 ¹,The
223 2661 329 2720 genitive
340 2661 464 2728 partitive:
483 2660 552 2741 liqsra
571 2677 595 2721 y,
608 2662 682 2710 ‘wild
692 2677 749 2709 meu
759 2662 787 2709 ol
794 2661 835 2710 the
847 2661 928 2709 Arabs
936 2661 952 2718 ;'
965 2661 1021 2710 that

111 2733 149 2808 ω’*
158 2719 574 2845 fhidghddkodcddhirihhaihsiarely
582 2779 649 2828 used.
680 2779 702 2826 It
715 2779 810 2828 ismme
819 2794 939 2835 common,
950 2778 1019 2828 how·

109 2850 174 2925 evpr,
188 2851 212 2883 ru
222 2851 305 2921 names,
315 2837 343 2884 ol
355 2847 442 2891 towns,
456 2853 488 2918 as,
497 2837 596 2892 Tarson,
609 2839 693 2906 Delon,
707 2839 755 2886 erc.

136 2894 222 3002 «hil
248 2895 1020 3022 h.,⁰2tltt‘ttlnlllttttttidetfltllellll·

108 3012 151 3062 lire
162 3012 263 3061 reached
274 3028 334 3060 even
347 3013 387 3060 the
399 3013 494 3074 hrghest
505 3024 584 3074 storys
594 3015 622 3062 of
633 3016 674 3063 the
686 3026 782 3063 towers.
889 3046 891 3051 π

137 3080 146 3104 ⁸
158 3077 164 3100 ⁸
174 3071 311 3128 Wounded,
324 3071 370 3119 and
381 3072 499 3120 therefore
511 3073 580 3120 weslr
588 3075 604 3130 ς’
615 3073 703 3122 unable
713 3083 739 3121 to
750 3084 817 3122 exart
829 3073 987 3123 themselves.

135 3137 144 3162 ⁸
155 3131 223 3180 Used
233 3131 422 3190 intransitively:
443 3131 571 3181 ‘looseued
583 3133 750 3189 themselves,’
763 3149 790 3181 or
803 3135 919 3182 ‘became
930 3133 1017 3184 loona!

136 3194 143 3217 ¹
155 3190 217 3238 This
227 3190 302 3250 ought
313 3189 423 3250 properly
435 3200 459 3237 to
468 3190 529 3238 have
541 3193 602 3240 been
613 3195 714 3240 caorah
724 3193 821 3241 Arabia.

135 3254 144 3279 ⁸
158 3250 201 3299 ‘lu
212 3250 260 3299 this
271 3264 338 3299 aruer
355 3264 426 3309 cocy,
438 3249 515 3299 under
524 3251 585 3299 such
596 3251 803 3308 circumstances‚'
816 3266 843 3301 as
854 3251 879 3300 iu
889 3250 958 3312 chop.
972 3254 1012 3304 1⁷.

135 3313 144 3337 ⁸
154 3307 177 3356 It
188 3309 265 3371 might
276 3308 328 3358 also
337 3266 400 3359 have
411 3310 474 3358 been
484 3310 604 3372 referebat.
633 3310 682 3360 See
693 3310 792 3371 Zumpt,
805 3310 884 3363 §³62
