2274 3772
112 149 172 205 222
375 163 415 203 mr
439 163 545 203 essars
566 163 750 204 asamar.

112 272 207 352 coepit,
222 272 284 393 (pald
303 287 338 325 ex
354 270 422 324 Clito
439 271 582 326 audissent.
618 272 652 326 Et
668 272 719 325 illis
736 269 772 324 ad
789 270 929 324 silendum
946 270 1031 326 obsti·

113 344 200 410 natis,¹
213 342 233 394 C
244 342 297 394 itus
308 340 436 410 paulatim
448 341 548 412 majore
561 359 626 395 voce
644 341 758 411 Philippi
776 351 837 393 acta
855 340 989 411 bellaque
1001 340 1030 395 in

113 412 224 465 Graecia
242 419 319 479 gesta
338 421 534 479 commemorat,
551 411 641 464 omnia
659 410 841 480 praesentibus
859 409 1029 480 praeferens.

113 480 181 533 Hinc
199 481 265 533 inter
282 479 398 551 juniores
414 497 544 549 senesque
556 490 612 533 orta
624 480 755 532 contentio
767 492 823 548 est,
841 480 868 532 'et
883 496 938 549 rex,
954 479 1029 533 velut

112 550 244 628 patienter
254 549 363 617 audiret,
376 550 435 618 quis
452 550 535 603 Clitus
552 550 689 604 obterebat
701 549 794 602 landes
805 547 872 618 ejus,
885 549 1029 617 ingentem

113 635 180 671 tram
209 627 372 687 conceperat,
409 619 531 672 Ceterum
555 637 617 672 cum
639 619 728 671 animo
753 617 887 670 videretur
909 619 1029 689 impera·

113 697 194 758 turus,
219 689 242 741 si
265 688 346 741 finem
369 688 523 757 procaciter²
545 697 599 740 orto
623 687 737 740 sermoni
761 687 845 740 Clitus
864 688 1027 757 imponeret,

113 758 178 810 nihil
191 774 281 810 eorum
294 758 451 826 omittente,³
461 757 549 826 magis
560 757 772 826 exasperabatur.
810 757 927 826 Jamque
940 757 1029 811 Clitus

113 827 195 879 etiam
212 827 413 880 Parmenionem
431 825 575 880 defendere
589 826 713 891 audebat,
726 835 753 879 et
765 825 881 895 Philippi
892 825 929 879 de
941 825 1027 880 athe·

113 897 251 950 aiensibus
263 897 399 949 victoriam
417 894 570 949 Thebarum
588 895 754 965 praelerebat
770 895 883 963 excidio,
896 911 951 948 uon
964 896 1028 948 vino

113 966 199 1035 modo,
221 964 267 1017 sed
289 966 369 1018 etiam
390 965 472 1017 animi
493 982 573 1033 prava
592 965 759 1017 contentione
783 966 946 1033 provectus.⁴
982 965 1027 1019 ad

113 1034 245 1104 ultimum,
259 1034 286 1086 Si
298 1034 472 1103 moriendum,
486 1035 577 1104 inquit,
591 1042 690 1103 estpro
702 1042 736 1102 te,
750 1034 832 1086 Clitus
848 1043 890 1086 est
906 1035 1026 1104 primus:

113 1114 140 1155 at
163 1121 224 1157 com
249 1104 370 1156 victoriae
394 1103 532 1156 arbitrium
555 1103 631 1171 agis,⁶
672 1103 824 1172 raecipuum
848 1102 960 1173 serunt·
980 1104 1028 1174 qni

113 1173 300 1242 procacissime
318 1173 400 1242 patris
423 1173 460 1225 tui
483 1173 627 1226 memoriae
647 1121 768 1225 iiludunt.
805 1171 969 1240 Sogdianam
987 1191 1027 1227 re·

112 1244 218 1310 gionem
243 1242 308 1296 mihi
331 1243 459 1312 attribuis,
482 1243 577 1294 totiens
600 1241 735 1310 rebellem,
756 1249 783 1293 et
806 1257 859 1294 non
881 1241 966 1294 modo
987 1243 1026 1297 inss

113 1312 248 1382 domitam,
270 1311 318 1364 sed
342 1329 410 1381 quae
433 1330 467 1364 ne
491 1311 577 1378 subigi
600 1311 710 1379 quidem
732 1311 834 1380 possit.⁷
873 1300 972 1364 Minoi
992 1311 1029 1367 ad

113 1381 183 1434 feras
200 1381 305 1449 bestias,
323 1382 485 1450 praecipitia⁸
501 1381 605 1449 ingenia
621 1381 731 1433 sortitas.
767 1378 819 1432 sed
837 1397 907 1449 quae
925 1381 962 1434 ad
981 1398 1028 1436 ms

113 1452 244 1518 pertinent
256 1460 367 1502 transeo.
404 1450 516 1518 Philippi
536 1449 664 1502 militess
700 1450 760 1513 mis,
781 1447 887 1518 oblitus,
909 1450 963 1503 nisi
982 1451 1029 1507 hio

112 1519 256 1586 Atharrias,
277 1535 360 1570 senex
377 1518 497 1639 p'pniores
519 1535 635 1587 pugnarn
658 1466 837 1571 dgirecranres
860 1531 1027 1592 revocasset,

112 1586 201 1639 adhuc
220 1604 267 1639 nos
287 1587 357 1639 circa
403 1587 592 1641 alicarnassum
611 1588 736 1640 haesuros
755 1587 845 1640 fuisse.
881 1588 1030 1648 Quomodo

113 1657 191 1725 igitur
206 1656 299 1709 Asiam
317 1657 399 1710 etiam
417 1674 478 1710 cum
498 1657 555 1708 istis
571 1657 715 1727 junioribus
727 1656 883 1727 subjecisti‘l
921 1658 1031 1715 Verum

113 1735 161 1794 est,
177 1735 206 1778 ut
221 1726 317 1795 opinor,
334 1726 404 1806 quod
422 1726 582 1779 avunculum
600 1726 687 1779 tuum⁹
704 1725 729 1778 in
748 1726 823 1778 Italia
840 1725 946 1781 dixisse
964 1745 1031 1784 con.

113 1804 172 1864 stat,
186 1795 273 1864 ipsum
285 1795 310 1848 in
323 1813 393 1848 vrros
405 1795 537 1864 incidisse,
550 1804 577 1847 te
590 1796 617 1848 in
630 1795 752 1847 feminas.

148 1872 172 1918 5.
190 1864 263 1918 Nihil
287 1882 320 1918 ex
343 1866 465 1918 omnibus
488 1865 633 1917 inconsulte
653 1882 685 1916 ac
705 1874 805 1917 temere
828 1863 908 1933 jactis
931 1883 1032 1936 regem

113 1936 200 2004 magis
229 1945 355 2005 moverat,
381 1953 462 2005 quam
492 1935 672 1987 Parmenionis
701 1951 763 1986 cum
792 1933 889 1986 honore
922 1939 1034 1991 mentio

112 2004 193 2057 illata.
230 2004 350 2058 Dolorem
375 2015 464 2058 tamen
488 2022 535 2057 rex
558 2004 658 2072 pressit,
680 2011 817 2055 contentus
838 2002 974 2071 jussissell
1001 2018 1033 2061 ut

112 2073 231 2125 convivio
243 2073 392 2126 excederet.
428 2076 486 2126 Nec
504 2074 644 2142 quicquam
663 2071 735 2124 aliud
752 2071 858 2140 adjecit,
872 2089 959 2140 quam
976 2075 1033 2130 sor·

113 2142 181 2209 sitan
200 2158 270 2210 eum,
287 2143 308 2194 si
321 2141 420 2195 diutius
431 2143 533 2194 locutus
545 2142 618 2210 foret,
633 2141 849 2210 exprobraturum
867 2141 917 2194 sibi
939 2143 1033 2200 fuisse

142 2276 149 2298 ¹
165 2270 270 2325 Obstino,
285 2269 311 2317 ‘I
323 2269 416 2317 resolve
432 2285 495 2328 upon
511 2247 666 2330 something,’
680 2239 791 2318 with-the
802 2269 920 2319 infinitiva
934 2287 964 2321 or
975 2279 1011 2324 ad
1018 2293 1030 2333 ‚-

112 2330 154 2378 the
170 2329 292 2388 participle
308 2331 438 2377 obstinatus
455 2330 474 2376 is
491 2329 515 2376 in
530 2339 593 2376 most
609 2329 718 2388 frequent
730 2346 782 2385 use,
796 2330 819 2377 in
830 2329 870 2376 the
881 2345 960 2380 sense
973 2335 1005 2383 of
1017 2351 1035 2385 a

112 2405 168 2479 mpn
180 2389 234 2437 who
246 2389 289 2457 has
300 2388 410 2456 resolved
421 2404 452 2458 on
462 2388 608 2457 something,
622 2392 668 2468 apd
681 2389 758 2436 sticks
770 2399 794 2436 to
803 2388 842 2436 his
853 2389 932 2448 point.

141 2513 149 2536 a
161 2448 390 2568 Ippffipprpcpidpnt
404 2459 521 2508 rrrrtatmg
531 2463 638 2495 manner.

140 2572 149 2595 ⁴
161 2567 292 2626 ‘Impelled
305 2569 336 2628 hy
347 2567 385 2614 his
397 2567 499 2622 wicked,
513 2566 674 2625 quarrelsome
686 2565 846 2625 disposition!

141 2633 149 2656 ⁸
161 2627 258 2674 ‘When
267 2642 314 2686 you
323 2627 377 2687 give
386 2625 512 2685 judgment
522 2641 548 2673 us
557 2635 582 2673 to
591 2626 631 2672 the
641 2625 716 2673 victor
735 2627 749 2672 .’
777 2625 855 2686 Agere
865 2640 953 2677 serves
964 2631 1029 2681 with

111 2700 183 2744 many
195 2687 358 2733 substantivas
374 2695 399 2732 to
414 2685 474 2732 form
489 2701 503 2732 a
518 2686 668 2745 paraphrase.
724 2685 755 2731 he
770 2686 893 2732 arbitrium
908 2689 1031 2740 uictoriae

111 2742 185 2811 refers
204 2754 229 2791 to
248 2744 289 2792 the
307 2744 461 2793 distribution
480 2744 508 2791 os
524 2744 629 2792 rewards
650 2744 696 2792 and
716 2743 884 2803 punishments
900 2744 967 2794 after
984 2749 1028 2799 the

110 2813 323 2923 Vlgtl'rrliecipurrm,
338 2861 404 2910 ‘that
416 2861 494 2910 which
506 2861 526 2910 is
537 2861 610 2910 taken
621 2851 672 2911 first
681 2863 697 2919 ;’
711 2861 776 2916 here,
789 2859 916 2918 therefore,
934 2864 1027 2916 ‘those

110 2920 465 3028 ¹¹⁰tt⁸tttllt„lt‘rltl,⁰l
477 2921 730 3028 ‘lteltlallt'
744 2919 791 2967 ⁸⁶⁰·

138 3044 147 3068 ⁸
159 2995 283 3144 Lilerallp,
299 2997 450 3099 ‘heidlong,’
458 2997 568 3098 ’‘ssteepss
586 3016 616 3086 ari
632 3015 729 3098 epirliet'
739 3037 850 3097 properly
860 3038 959 3098 applied
971 3051 998 3090 to
1009 3058 1027 3092 a

110 3099 162 3156 hill,
177 3098 240 3155 duc.;
275 3112 314 3144 ere
330 3097 402 3157 given
413 3098 489 3146 rothe
500 3097 593 3146 natural
609 3097 759 3157 disposition,
772 3097 884 3156 meaning
894 3097 1022 3151 therefore

112 3155 332 3207 ‘ancontrollahle’

137 3217 297 3265 'Alexander
311 3214 340 3263 of
351 3214 448 3274 Epirus,
465 3216 529 3271 who,
547 3215 571 3263 in
587 3215 628 3263 the
644 3231 702 3276 year
717 3219 758 3266 331
771 3229 833 3271 ac,
846 3215 946 3264 croased
962 3232 1025 3268 orer

108 3275 160 3346 into
167 3276 247 3385 gpptlpp
262 3285 286 3324 to
297 3275 369 3324 maist
381 3275 421 3322 the
437 3273 581 3323 Tarentinas
592 3275 685 3335 against
697 3274 738 3323 the
754 3274 900 3332 Lucaniam,
912 3275 962 3326 end
977 3277 1023 3327 soll

107 3349 200 3446 ¹‘'l'h'or
208 3411 224 3447 a
233 3371 317 3448 riotice
329 3393 357 3446 os
368 3393 420 3447 this
431 3393 610 3452 construction,
620 3408 665 3442 aee
674 3392 864 3451 'limmate
