2274 3772
447 228 448 231 ¹
484 228 575 268 arran
596 228 647 268 vii.
962 204 1021 267 218

114 338 216 391 obruta¹
228 355 353 391 emensus
371 354 438 404 sum,
457 338 592 405 angustias
611 337 719 389 Ciliciae
739 337 839 405 intravi,
854 335 945 389 indiae
964 337 1022 390 sine

116 407 271 460 lassitudine
289 409 345 460 rim
364 406 466 474 frigoris
485 424 544 458 sum
563 423 609 477 per
628 423 712 459 cesus.
749 407 783 459 Et
795 407 849 458 mei
862 407 1022 459 documenta

117 477 190 529 vobis
212 477 283 546 dedi,
302 486 329 528 et
353 477 450 527 vestra²
469 475 561 528 habeo.
621 485 684 544 etra,
702 479 790 543 'quain
815 475 918 538 videtis,
938 492 1022 528 unum

116 546 218 598 aditum
242 546 330 614 habet,
355 562 435 615 quern
466 545 570 598 barbari
599 545 728 612 obsident,
753 553 840 597 cetera
870 545 1020 613 negligunt:

116 616 202 667 nullae
215 615 323 683 vigiliae
336 625 404 681 aurit,
420 614 471 666 nisi
489 631 558 682 quae
579 626 665 666 castra
685 624 771 666 nostra
784 623 910 683 spectarit.
947 615 1022 666 liive·

115 686 193 737 nietis
215 687 295 752 viam,
315 686 337 736 si
363 683 480 735 sollerter
506 685 590 736 rimati
615 683 716 736 fueritis
739 683 827 735 aditus
850 683 966 735 serentes
988 683 1020 736 ad

115 771 252 806 cacumen.
289 752 363 807 Nihil
382 763 436 804 tarn
457 753 510 804 alte
532 763 623 805 natura
642 753 782 822 constituit,
801 769 854 822 quo
873 753 955 804 virtus
972 770 1023 805 non

116 825 198 893 possit
211 823 294 876 eniti³
330 823 497 890 Experienilo
515 839 586 890 quae
602 824 683 875 ceteri
702 822 915 891 desperaverunt,
930 822 1023 874 Asiam

116 893 247 945 habemus
259 894 283 944 iu
297 902 435 960 potestate.
472 892 585 943 Evadite
597 893 622 943 in
636 908 774 957 cacumen,
787 892 855 959 quod
870 907 932 944 oum
944 909 1023 960 cepe-

116 962 178 1029 ritis,
191 962 311 1013 candidis
324 961 391 1013 velis
409 962 512 1028 sigrium
532 960 597 1013 mihi
616 961 727 1013 dabitis:
747 976 796 1027 ego
811 961 893 1030 copiis
910 961 1024 1014 admotis

118 1031 219 1084 hostem
241 1032 266 1082 iii
287 1048 333 1082 iios
353 1047 369 1081 a
390 1030 462 1082 vobis
482 1039 643 1082 convertam.
688 1031 839 1082 Praemium
858 1030 907 1082 erit
925 1032 958 1097 ei,
978 1032 1023 1099 qui

117 1100 218 1168 primus
234 1100 403 1168 occupaverit
422 1099 558 1167 verticem,
572 1099 670 1151 talenta
682 1101 713 1167 X,
727 1116 777 1151 uno
796 1099 885 1152 minus
902 1101 1022 1168 accipiet,

117 1170 161 1237 qui
175 1169 310 1237 proximus
322 1169 347 1221 ei
361 1170 468 1238 venerit,
483 1168 631 1237 eademque
644 1169 677 1220 ad
690 1169 787 1221 decem
805 1168 925 1220 homines
938 1186 1024 1219 serva-

117 1238 188 1290 bitur
205 1239 307 1306 portio.⁴
341 1239 449 1302 Certum
475 1247 565 1292 autem
584 1238 677 1306 babeo,
699 1255 745 1290 voe
764 1255 814 1290 non
835 1250 887 1289 tani
910 1237 1025 1290 liberali·

118 1316 201 1359 tatem
214 1308 307 1359 intueri
321 1325 417 1376 ineam,
431 1324 511 1376 quarn
525 1307 697 1359 voluntatem.
720 1327 732 1335 v·
923 1371 925 1375 ‚

153 1381 193 1428 42.
214 1377 260 1429 His
278 1378 373 1429 animis
394 1395 483 1445 regern
496 1377 644 1445 audierunt,
658 1384 686 1428 ut
704 1376 760 1447 jam
781 1377 885 1445 cepisse
897 1377 1024 1427 verticem

118 1445 276 1498 viderentur.
313 1447 474 1515 Dimissique
493 1447 592 1498 ferreos
609 1463 715 1515 curione,
728 1463 795 1514 quos
812 1447 879 1498 inter
897 1463 961 1498 saxa
980 1444 1025 1496 de·

119 1515 236 1586 figerent,
267 1516 422 1584 validosque
452 1515 530 1568 funes
558 1516 694 1584 parabant.
741 1517 797 1568 Rex
832 1516 1026 1567 circumvectus

118 1593 228 1654 petram,
246 1602 300 1654 qua
320 1584 430 1637 minime
450 1601 578 1654 asperae
598 1593 753 1654 praeruptus
772 1585 859 1636 aditus
878 1584 1024 1652 videbatur,

117 1655 234 1706 secunda
251 1655 349 1724 vigilia,
363 1655 431 1724 quod
452 1655 520 1706 bene
533 1657 666 1721 verteret,⁵
679 1654 780 1721 ingredi
797 1654 881 1723 jubet.
918 1653 966 1707 llli..
980 1653 1025 1703 ali-

118 1725 215 1776 mentis
227 1725 252 1776 in
266 1725 376 1777 biduum
389 1725 508 1792 sumptis,
522 1724 616 1791 gladiis
628 1724 706 1775 modo
727 1735 809 1792 atque
830 1723 913 1774 hastis
932 1722 1025 1774 armati

118 1793 217 1845 subires
229 1804 380 1862 coeperunt.
420 1797 458 1844 Ac
475 1795 559 1860 primo
578 1793 690 1860 pedibus
709 1793 817 1859 ingressi
836 1801 910 1842 sunt:
930 1791 1026 1843 deinde

119 1875 146 1913 ut
159 1862 186 1913 in
199 1872 338 1931 praerupta
357 1871 512 1930 perventum
534 1869 581 1928 est,
595 1862 639 1912 alii
660 1862 782 1913 manibus
802 1860 946 1911 eminentia
964 1875 1026 1911 saxa

117 1930 251 1999 complexi
264 1931 363 1982 levare⁷
375 1940 477 1995 aemet;
496 1930 540 1981 alii
552 1929 666 1996 adjectis
678 1930 779 1981 lunium
794 1929 895 1996 laqueis
908 1945 1025 1999 evasere,

118 2017 179 2052 cirin
193 2016 290 2051 cuneos
302 2001 368 2050 inter
382 2016 445 2050 saxa
458 2000 612 2066 defigerent,
626 1999 723 2066 gradus
741 1998 862 2065 subinde,
876 1998 936 2064 quis
955 1999 1027 2049 insis-

119 2070 223 2120 terent.⁸
266 2071 344 2122 Diem
374 2067 442 2119 inter
466 2077 568 2120 metum
599 2068 768 2136 laboremque
800 2076 1027 2135 consumpserunt.

119 2138 168 2189 Per
180 2155 272 2207 aspera
284 2139 350 2191 nisis
362 2137 465 2189 duriora
479 2137 619 2208 restabant,
633 2148 658 2190 et
671 2154 791 2188 crescere
809 2135 919 2187 altitudo
937 2148 1027 2205 petrae

119 2207 266 2260 videbatur.
303 2207 352 2260 llla
364 2223 425 2258 vero
439 2207 596 2260 miserabilis
615 2217 670 2260 erat
684 2207 773 2271 facies,
787 2223 848 2257 curn
869 2205 893 2271 ii,
908 2223 974 2274 quos
992 2206 1028 2255 iii·

119 2277 222 2329 stabilis
234 2277 330 2345 gradus
342 2275 493 2345 fefellerat,⁹
506 2294 540 2329 ex
558 2278 694 2346 praecipiti
715 2275 926 2328 devolverentur.
964 2276 1029 2326 Mox

119 2346 218 2399 eadem
243 2347 268 2398 in
293 2364 322 2397 se
346 2345 472 2415 patienda
491 2346 570 2397 alieni
592 2364 672 2399 casus
690 2343 847 2397 ostendebat
865 2343 1028 2412 exemplum.

119 2417 168 2468 Per
192 2414 241 2467 has
263 2424 353 2468 tamen
379 2414 551 2466 difficultates
569 2416 704 2468 enituntur
722 2416 746 2465 iii
767 2413 893 2465 verticem
920 2413 1026 2480 montis,

121 2573 312 2740 cfiulclrgblii'alent
324 2644 349 2680 to
360 2634 445 2681 uestri.-
461 2631 502 2680 ‘of
514 2648 562 2692 you
573 2633 585 2680 I
596 2632 657 2681 have
668 2631 765 2692 prooss!

148 2697 173 2721 ³⁴
206 2693 321 2741 oclimb!

149 2752 262 2800 “Rete'
295 2751 368 2799 From
382 2769 425 2813 pro
433 2753 549 2812 porticae,
564 2745 707 2811 ‘according
718 2762 742 2799 to
753 2750 822 2806 rate‚’
835 2765 915 2797 anew
926 2750 992 2798 word
1008 2752 1028 2799 is

120 2810 221 2867 formed,
232 2813 358 2872 proporttb.

151 2870 226 2938 ὅΤίιθΙ
235 2871 296 2917 wieh
307 2873 368 2929 qaod
378 2871 528 2924 locaverint,
543 2874 613 2929 ‘may
624 2885 668 2917 our
678 2868 840 2929 undertaking
855 2867 916 2915 have
932 2884 947 2916 a
961 2884 1027 2927 proe-

121 2927 1028 3046 terrariumatttritivittrrrdattattatatr01‘10‘·

151 3051 158 3074 ¹
167 3047 187 3094 F
189 3063 216 3094 or
224 3050 335 3114 leocnere'¹
368 3046 423 3093 The
434 3022 568 3104 ambigu'ity
577 3003 754 3114 whicd'results
763 3045 824 3114 srcrn
832 3045 874 3113 the
882 3045 1030 3112 contract'ion

122 3105 150 3153 ol
162 3107 202 3154 the
219 3105 309 3164 perfect
327 3115 377 3152 into
395 3104 435 3171 tlie
453 3120 520 3151 same
539 3104 599 3172 form
621 3104 705 3152 aethe
723 3104 849 3159 infinitiva,
868 3120 897 3174 ¹.⁸’
916 3117 941 3149 in
952 3102 1030 3170 ¹ether

122 3162 1029 3283 trattittlllttl}tritttttttlaittitttttlttttitill

122 3282 269 3410 ώῗξἸἛὲἒὲ
274 3292 356 3389 vaetlid’m
364 3341 406 3410 tlie
414 3341 532 3409 unsteady
541 3351 595 3410 step
603 3340 651 3390 had
659 3339 799 3390 deceivedi'
810 3338 922 3392 tlieetep
928 3336 1052 3380 aeeeaee

119 3415 145 3466 in
155 3400 256 3460 making
266 3401 307 3449 tlie
322 3400 413 3450 soldier
430 3399 526 3453 believe
542 3401 582 3452 liis
601 3401 702 3462 footing
717 3410 748 3449 to
762 3400 800 3447 be
817 3389 989 3467 assecurare&x
999 3388 1073 3432 *m

108 3459 197 3519 giving
206 3474 268 3520 way.
