2274 3772
126 170 185 225 228
392 185 433 226 uu
454 186 561 228 ousms
581 187 766 227 suumn.

125 293 321 346 consolandam¹
344 295 499 364 patientiam
521 295 670 363 verbemm,
690 313 724 347 au
746 293 781 347 ad
804 292 970 346 incitandum
992 292 1037 362 ju·

125 378 223 416 venum
234 362 351 416 dolorem
363 363 465 417 dictum
476 375 557 434 esset,
570 367 594 416 in
606 364 732 432 ambiguo
744 363 834 416 fuisse.
870 363 936 431 Rex,
949 363 1039 414 animi

125 432 293 501 corporisque
304 449 396 503 sopore
406 434 533 502 discusso,
546 451 608 486 cum
620 435 686 486 tanti
697 432 816 503 periculi,
828 448 880 500 quo
892 433 1041 494 evaserat,²

125 500 213 568 imago
231 502 315 554 oculis
331 502 471 571 oberraret,
485 503 665 572 Eurylochum
683 503 705 554 1.
723 503 830 556 talentis
846 511 872 552 et
890 501 1037 568 cujusdam

125 569 257 639 Tyridatis
276 571 409 641 opulentis
429 571 506 624 bonis
525 573 643 642 protinus
660 571 748 641 donat,
768 572 938 638 fratremque,
959 580 1040 622 ante·

125 655 206 709 quam
228 656 275 709 pro
294 640 379 693 salute
399 640 458 710 ejus
494 653 632 710 recaretur,
654 642 775 694 restituit.
810 639 922 693 Sceleris
940 648 1040 692 autem

124 718 253 778 auctores,
266 710 388 778 interque
406 727 452 762 eos
528 710 657 778 isthenen,
676 711 778 762 vinctos
794 708 924 762 asservari
939 707 1039 777 jubet:

124 778 221 848 quibus
232 779 257 831 in
271 779 371 858 regiam
383 778 513 850 adductio,
527 788 579 832 tuto
590 779 635 832 die
647 788 674 831 et
686 789 764 832 nocte
775 778 903 848 proxima,
915 794 991 830 mero
1002 795 1039 830 ac

126 846 223 915 vigiliis
232 865 329 917 gravis,
342 848 483 920 acquievit.

160 921 201 969 24.
220 917 327 970 Postero
338 929 430 971 autem
447 916 572 986 frequens
587 917 726 970 consilium
743 916 872 984 adhibuit,
885 915 928 968 oui
944 925 1041 984 patres

125 987 317 1057 propinquique
336 1003 440 1056 eorum,
457 987 491 1039 de
510 986 607 1055 quibus
624 986 761 1054 agebatur,
781 987 928 1052 intererant,
946 1003 981 1036 ne
1000 987 1040 1037 de

125 1071 174 1108 sua
193 1056 302 1124 quidem
321 1056 406 1109 salute
425 1055 527 1108 securi:
547 1056 643 1125 qnippe
662 1055 842 1108 Macedonum
860 1070 931 1106 more
949 1054 1038 1123 perire

125 1124 268 1194 debebant,
291 1128 412 1178 omnium
434 1124 538 1178 devotis
559 1125 699 1194 capitibus,
724 1125 768 1193 qui
794 1126 923 1191 sangnine
951 1126 1039 1176 eonti-

124 1193 225 1274 giosent
243 1195 309 1263 eos,⁸
342 1196 398 1248 Rex
416 1193 544 1247 introduci
562 1195 711 1264 conjuratos
728 1207 832 1263 praeter
849 1191 1037 1246 Callisthenen

124 1262 216 1385 quasit:
229 1272 310 1344 atque
322 1281 391 1334 quae
402 1264 575 1333 agitaverant,
585 1263 642 1316 sine
655 1264 823 1316 cunctatione
835 1262 951 1315 confessi
964 1273 1038 1315 sunt.

139 1334 326 1402 ncrepantrbus
337 1333 435 1386 deinde
447 1333 577 1385 universis
588 1350 642 1400 eos,
655 1333 713 1402 ipse
726 1349 779 1400 rex,
792 1349 845 1401 quo
863 1349 910 1384 suo
929 1332 1039 1384 merito⁴

126 1410 228 1454 tantum
252 1402 278 1454 iu
302 1411 387 1455 semet
405 1402 564 1470 cogitassent
588 1401 711 1455 lacinusl
736 1401 885 1470 interrogat.
921 1401 1037 1470 Stupen-

126 1469 197 1522 tibus
216 1471 318 1539 ceteris,
339 1471 502 1539 Hermolaus,
523 1471 579 1524 Nos
597 1474 679 1539 vero,⁵
698 1472 789 1540 inquit,
809 1471 942 1540 quoniam,
956 1471 1037 1540 quasi

127 1539 238 1605 nescias,
256 1540 369 1608 quaeris,
388 1538 526 1593 occidendi
550 1549 576 1592 te
595 1541 731 1592 consilium
751 1540 884 1607 inivimus,
902 1543 966 1607 quia
985 1557 1039 1592 non

128 1616 155 1659 nt
170 1607 289 1675 ingenuis
307 1608 437 1677 imperare
457 1609 576 1677 coepisti,
589 1609 635 1661 sed
656 1610 731 1678 quasi
759 1610 785 1661 in
803 1609 934 1678 mancipia
951 1608 1038 1661 domi·

126 1675 205 1730 naris.
241 1676 344 1729 Primus
361 1695 396 1730 ex
412 1676 536 1730 omnibus
554 1687 628 1747 pater
644 1678 726 1747 ipsius
743 1677 850 1747 Sopolis,
865 1677 1038 1748 parricidiam

127 1745 207 1798 etiem
227 1745 344 1815 parentis
361 1746 399 1799 rui
417 1745 556 1799 clamitans
574 1764 641 1816 esse,
654 1751 795 1817 consurgit,
809 1757 835 1798 et
854 1747 887 1800 ad
906 1763 936 1798 os
952 1765 1038 1800 manu

126 1812 230 1885 objecta
252 1814 352 1867 scelere
365 1824 391 1868 et
404 1814 482 1868 malis
493 1816 668 1869 insanientem
688 1817 755 1868 ultra
773 1827 851 1884 negat
863 1816 1037 1869 audiendum.

128 1883 184 1938 Rex
203 1854 313 1937 inhibito
333 1894 405 1954 patre
424 1884 513 1938 dicere
532 1885 701 1938 Hermolaum
726 1885 809 1954 jubet,
828 1903 897 1955 quae
922 1903 956 1938 ex
979 1902 1037 1938 ma-

127 1955 207 2022 girtro
232 1953 368 2006 didicisset
392 1953 563 2007 Callisthene.
602 1957 634 2008 Et
659 1955 822 2022 Hermolaus,
843 1956 915 2023 Utor,
937 1955 1034 2024 inquit,

127 2022 256 2075 beneficio
269 2032 320 2091 tuo,
334 2032 360 2075 et
373 2023 439 2092 dico,
453 2041 521 2094 quae
534 2025 628 2077 nostris
640 2024 717 2076 malis
734 2024 834 2077 didici.l
870 2025 955 2082 Quota
974 2041 1038 2092 pars

127 2091 307 2144 Macedonum
326 2094 453 2144 saevitiae
471 2102 532 2145 tuae
551 2093 689 2162 superest?
708 2103 804 2162 quotus
815 2095 936 2163 qnidem⁷
948 2110 1000 2145 non
1020 2111 1037 2146 e

128 2159 253 2211 vilissimo
276 2160 424 2228 sanguinet
467 2161 572 2215 Attalus
595 2172 620 2214 et
646 2162 763 2214 Philotas
787 2172 813 2214 et
837 2164 977 2215 Parmenio
1008 2172 1037 2215 et

128 2229 273 2298 Lyncestes
290 2229 441 2281 Alexander
458 2239 484 2282 et
504 2231 593 2299 Clitus,
607 2242 737 2299 quantum
754 2233 788 2283 ad
806 2231 896 2284 hostes
913 2233 1037 2302 pertinet,

128 2299 225 2365 vivunt,
240 2307 308 2350 stant
327 2299 353 2350 in
372 2298 438 2366 acie,
458 2305 484 2350 te
502 2299 595 2368 clipeis
613 2300 666 2352 suis
685 2310 831 2370 protegunt,
845 2311 871 2354 et
890 2319 934 2370 pro
952 2301 1038 2370 gloria

128 2378 179 2429 tna,
208 2383 253 2435 pro
278 2367 386 2420 victoria
407 2367 517 2420 vulnera
549 2369 696 2438 occipiunt:
728 2371 825 2438 quibus
848 2380 875 2422 tn
900 2372 1038 2439 egregiam

127 2437 235 2506 gratiam
262 2437 391 2490 rettulisti.
427 2437 648 2491 Aliusmensam
673 2448 746 2491 tuam
771 2441 900 2507 sanguine
926 2457 974 2492 sno
995 2459 1037 2494 as·

157 2541 163 2562 ¹
175 2534 203 2582 In
217 2518 437 2585 rti‘is‘conmuetion
449 2551 485 2583 we
497 2520 560 2584 rurist
570 2520 668 2596 ''give-m
678 2539 794 2584 concolori
806 2522 852 2584 'the
858 2522 981 2585 {cussit
990 2523 1001 2564 '‘
1011 2547 1038 2587 to

128 2594 239 2652 produce,
253 2597 284 2655 by
296 2596 333 2643 his
345 2595 469 2655 consoling
479 2594 567 2651 words,
581 2596 694 2654 aputicnr
711 2596 844 2644 endurence
855 2596 897 2648 of.’
909 2596 974 2652 διας
993 2599 1035 2645 hut

127 2651 167 2699 the
178 2653 317 2724 expression
329 2655 349 2702 is
360 2670 374 2701 a
385 2654 520 2702 connected
532 2669 576 2702 one
588 2654 623 2702 for
634 2658 664 2703 ud
678 2657 830 2703 consolandos
847 2673 883 2704 uos
899 2665 925 2702 ut
942 2658 1036 2704 verbero

127 2722 439 2836 αᾟεαῖἐωῑοὴξαέἷνΙὶἯῖζ,
451 2787 492 2818 see
510 2771 607 2830 Zumpt,
620 2771 694 2822 1168.
726 2772 795 2840 ¹Vl'itlr
813 2773 914 2820 Tacitus
931 2772 977 2820 ond
994 2772 1036 2821 the

128 2837 220 2875 writers
227 2827 255 2875 ol
261 2828 313 2876 that
322 2845 375 2890 ege,
385 2833 456 2878 modo
464 2845 566 2890 goverus
576 2831 617 2878 the
626 2844 771 2879 accusative.
789 2832 836 2879 See
846 2832 943 2890 Zumpt,
955 2832 967 2882 1
980 2836 1034 2888 386,

126 2886 246 3015 αὖ1111711110
262 2944 336 2994 heads
352 2947 379 2994 of
391 2948 422 2995 all
438 2948 493 2996 who
504 2963 567 3017 were
579 2947 670 3016 related
682 2951 713 3008 by
726 2948 796 2997 blood
812 2959 837 2996 to
853 2949 895 2997 the
912 2948 1036 2998 criminals

128 3006 199 3077 being
210 3004 312 3053 doomed
323 3016 348 3052 to
359 3005 407 3054 sall.
426 3007 492 3075 ¹The
507 3010 661 3113 'subiunctus
677 3007 783 3066 depende
799 3024 830 3056 on
846 3009 887 3056 the
904 3008 986 3056 clause
998 3011 1034 3058 ito

127 3072 264 3114 institutum
275 3071 323 3111 erut
335 3073 370 3120 ut,
383 3065 463 3114 which
474 3082 494 3113 rs
505 3082 554 3125 rmp
566 3065 602 3114 iod
614 3082 638 3113 rn
649 3066 804 3115 Macedonum
813 3085 882 3115 more.

155 3130 164 3152 ⁴
175 3129 180 3150 ¹
191 3123 229 3171 On
241 3131 341 3170 account
353 3121 381 3169 of
392 3123 457 3172 what
468 3123 526 3172 fault
538 3125 566 3172 of
578 3124 631 3172 his.'

156 3181 244 3237 ‘Vero
257 3181 408 3242 introducing
419 3182 459 3230 the
471 3182 546 3289 reply.
578 3184 624 3231 See
637 3184 825 3252 Zumpt‚l716.
1005 3245 1010 3256 ι

138 3242 256 3355 haggia
272 3240 284 3289 l
300 3240 361 3289 have
378 3240 474 3289 learned
500 3258 550 3290 rom
567 3259 610 3290 our
626 3243 787 3292 mrsfortunes'
802 3251 851 3317 (not
868 3243 929 3292 from
946 3243 1036 3294 cithu-

127 3309 135 3347 τ
153 3337 272 3422 'errliem
287 3374 371 3411 serves
387 3357 445 3409 here
461 3374 488 3409 es
504 3374 520 3407 u
533 3359 634 3421 particle
650 3360 676 3409 ol
687 3361 838 3410 restrictiori:
862 3362 932 3410 ‘how
947 3361 1006 3422 few,
1024 3363 1037 3414 1

111 3432 185 3469 rnean
197 3420 256 3471 how
267 3420 317 3474 t'ow
328 3420 359 3475 os
370 3420 445 3475 noble
456 3420 576 3474 dosceutl
