2274 3772
492 188 582 228 119111
605 189 634 227 x.
666 214 668 218 Α
957 170 1015 226 ata

109 306 183 352 extra
202 297 301 367 regiam
321 297 458 350 astiterant
477 297 641 349 Macedones
660 297 757 365 pariter
776 296 933 364 barbarique
953 312 1014 348 con·

109 376 224 436 91111991,
243 384 294 420 999
313 375 432 435 poterant
450 367 513 418 victi
531 383 548 417 a
565 365 707 418 uictoribus
726 367 752 417 in
771 365 907 418 communi
927 363 1015 418 dolore

110 437 232 491 discerni.
268 437 364 489 Persae
381 435 556 506 justissimum
569 451 601 486 ac
613 435 786 487 mitissimum
797 435 943 504 dominum,
956 434 1016 486 Ma·

109 508 224 560 cedones
244 507 373 576 optimum
395 522 427 556 99
447 505 618 557 fortissimum
640 521 729 572 regern
750 505 910 572 invocantes,
932 512 1016 555 certa·

109 594 171 630 men
195 576 328 645 quoddam
349 575 475 627 maeroris
495 573 618 626 edebant.
654 575 712 626 Nec
735 584 897 626 maestorum
921 573 1015 641 solum,

109 646 256 699 sedetiam
275 644 468 711 indignantium
490 660 569 695 voces
589 643 805 714 exaudiebantur,
827 653 882 695 tam
905 642 1015 694 viridem

110 725 136 768 et
157 716 184 768 in
205 715 268 766 flore
289 714 384 766 aetatis
404 713 578 783 fortunaeque
598 713 698 765 invidia
716 713 796 765 deum
816 720 936 782 ereptum
956 727 1016 763 esse

40 845 42 848 ,
110 785 188 838 rebus
206 783 338 836 humanis.
374 783 455 850 Vigor
467 782 525 852 ejus
540 795 567 833 et
579 781 668 834 vultus
686 781 825 834 educentis
842 783 869 835 in
888 781 1017 850 proelium

110 853 216 922 milites,
241 851 386 905 obsidentis
409 853 496 921 urbes,
517 851 655 903 evadentis
680 852 705 903 in
730 868 826 920 199199,
848 852 928 903 191199
948 850 1018 903 vitos

110 940 155 993 pro
173 922 292 974 contione
311 922 432 974 donantis
450 920 621 973 occurrebant
638 920 728 973 oculis.
765 921 835 973 Tum
854 920 1018 972 Macedones

110 992 213 1044 divinos
228 990 340 1043 honores
356 1006 469 1058 negasse
487 991 512 1042 91
549 989 691 1058 oenitebat,
704 990 852 1059 impiosque
865 1000 892 1042 et
903 991 1018 1057 ingratos

110 1061 192 1114 fuisse
211 1076 240 1113 se
258 1060 458 1128 confitebantur,
472 1008 548 1128 quel
560 1076 639 1112 aures
656 1059 714 1129 ejus
731 1059 822 1113 debita
840 1059 1018 1129 appellatione

110 1129 284 1182 fraudassent.
714 1158 720 1167 s

148 1203 186 1251 16.
206 1199 239 1251 Et
263 1215 326 1250 cum
345 1197 390 1251 diu
413 1215 484 1251 nunc
507 1198 534 1250 in
552 1197 729 1266 veneratione,
751 1214 821 1250 nunc
841 1197 867 1250 in
887 1197 1018 1251 desiderio

111 1269 179 1336 regis
199 1267 366 1334 haesissent,¹
386 1268 412 1319 in
437 1268 507 1336 ipsos
524 1284 602 1320 versa
620 1266 753 1320 miseratio
772 1274 822 1320 est.
857 1267 1017 1321 Macedonia

110 1337 219 1407 profecti
240 1337 307 1389 ultra
331 1335 482 1407 Euphraten
507 1339 533 1390 in
557 1335 653 1389 mediis
676 1335 796 1389 hostibus
816 1353 914 1389 novum
935 1337 1018 1407 impe·

111 1407 176 1459 rium
194 1406 397 1476 aspernantibus
414 1405 553 1459 destitutos
572 1423 601 1458 se
619 1422 680 1458 esse
698 1405 857 1474 cernebant,
876 1406 934 1459 sine
946 1414 1019 1460 certo

111 1477 180 1556 regis
191 1475 291 1529 herede
303 1476 423 1544 publicas
435 1476 505 1529 vires
516 1476 550 1529 ad
563 1492 593 1528 se
605 1492 740 1545 quemque
753 1484 908 1528 tracturum.
944 1475 1019 1530 Bella

109 1545 205 1599 demde
229 1545 324 1615 civilia,
345 1563 415 1615 quae
441 1554 532 1598 secuta
556 1554 624 1615 sunt,
649 1545 783 1599 mentibus
806 1546 1017 1613 augurabantur:

110 1615 213 1685 iterum,
223 1632 274 1668 non
283 1614 317 1667 de
330 1632 409 1684 regno
418 1617 508 1682 Asiae,
522 1615 616 1668 sedda
629 1631 700 1685 rege,
713 1616 778 1684 ipsis
790 1615 946 1684 sanguinem
958 1631 1019 1670 esse

110 1685 290 1738 fundendum·
309 1685 383 1738 novis
395 1685 551 1738 vulneribus
562 1693 666 1738 veteres
684 1685 847 1754 rumpendas
864 1685 1018 1754 cicatrices;

111 1771 196 1822 senes,
218 1725 328 1824 debiles,
353 1753 432 1806 modo
455 1755 538 1824 petita
562 1754 686 1807 missione
709 1771 725 1805 a
748 1753 818 1823 justo
843 1756 925 1823 rege,²
948 1771 1019 1808 nunc

109 1824 248 1876 morituros
271 1840 316 1891 pro
340 1824 458 1892 potentia
478 1823 584 1875 forsitan
606 1822 727 1874 satellitis
750 1822 865 1891 alicujus
888 1823 1018 1890 ignobilis.

110 1893 164 1943 llas
187 1893 359 1958 cogitationes
381 1890 548 1944 volventibus
575 1908 628 1943 nox
656 1892 815 1960 supervenit,
837 1900 1020 1960 terroremque

110 1962 190 2012 auxit.
227 1960 330 2012 Milites
348 1961 375 2012 in
393 1960 474 2012 armis
486 1959 646 2028 vigilabant,
664 1959 803 2028 Babylonii
820 1959 889 2011 alius
901 1978 916 2012 e
928 1961 1018 2032 muris,

110 2029 178 2081 alius
195 2029 312 2081 culmine
331 2029 371 2082 sui
384 2029 497 2098 quisque
510 2029 583 2081 tecti³
595 2046 654 2098 pros
673 2028 804 2099 astabant,
818 2029 894 2099 quasi
907 2030 1019 2084 certiora

111 2098 198 2149 visuri.
234 2099 292 2150 Nec
304 2099 446 2167 quisquam
464 2097 564 2151 lumina
581 2046 698 2151 audehat
715 2098 872 2151 accendere.
909 2099 942 2151 Et
955 2099 1019 2169 quia

110 2167 243 2221 oculorum
256 2166 377 2220 cessabat
389 2184 460 2234 usus,
471 2166 593 2220 fremitus
601 2185 666 2220 voce
699 2185 733 2220 99
745 2168 855 2241 auribus
866 2169 1017 2239 captabant,

16 2236 25 2253 '
110 2253 142 2288 ac
162 2236 317 2306 plerumque
335 2254 402 2290 vano
420 2244 495 2290 metu
516 2238 597 2290 territi
617 2254 690 2307 pero
710 2255 800 2292 scuras
817 2239 935 2306 semitas,
948 2239 1018 2292 alins

111 2305 154 2357 alii
178 2315 353 2375 occursantes,
380 2307 493 2359 invicem
524 2308 640 2376 suspecti
670 2325 702 2360 ac
731 2308 835 2360 solliciti
859 2307 1016 2361 ferebantur.

111 2375 214 2444 Persae,
234 2376 316 2428 cornis
336 2392 383 2428 suo
401 2392 474 2428 more
492 2375 617 2446 detonsis,
631 2378 656 2430 in
669 2377 774 2444 lugubri
786 2386 868 2444 veste,
882 2393 943 2429 cum
956 2392 1018 2430 con·

110 2444 217 2513 jugibus
233 2462 265 2497 99
282 2444 380 2514 liberis,
399 2460 451 2497 non
468 2454 496 2496 91
511 2445 637 2498 1191919111
656 2453 683 2498 91
701 2447 779 2499 modo
796 2446 909 2515 hostem,
923 2445 970 2498 sed
988 2455 1017 2499 ut

110 2514 196 2581 gentis
214 2531 277 2566 suae
289 2513 465 2582 justissimum
477 2531 568 2582 regem
580 2531 641 2567 1919
654 2514 783 2568 desiderio
796 2514 930 2583 lugebant.
966 2517 1017 2569 Aa·

111 2584 178 2635 sueti
198 2583 248 2636 sub
267 2600 327 2652 rege
345 2585 442 2652 vivere,
461 2600 512 2636 non
532 2584 623 2654 alium,
642 2585 688 2653 qui
706 2585 848 2655 imperaret
871 2585 942 2654 ipsis,
960 2584 1016 2654 dig·

111 2653 208 2704 niorem
223 2652 305 2705 fuisse
317 2652 517 2706 confitebantur.

149 2727 187 2773 17.
206 2723 265 2774 Ν99
286 2723 366 2774 muris
389 2721 462 2775 urbis
485 2722 572 2775 luctus
591 2723 780 2792 continebatur,
800 2721 847 2776 sed
867 2723 1014 2792 proximam

111 2791 242 2858 regionem
256 2791 291 2844 ab
303 2808 343 2860 ea,
356 2791 453 2843 deinde
466 2809 591 2861 magnam
621 2803 705 2845 artem
718 2791 800 2845 Asiae
811 2792 851 2845 919
863 2793 1014 2863 Euphraten

110 2860 175 2912 tanti
188 2860 251 2912 mali
264 2860 336 2913 lama
348 2871 508 2930 pervaserat.
544 2863 586 2914 Ad
640 2863 678 2914 rei
690 2878 795 2941 quoque
814 2871 928 2916 matrem
945 2863 1015 2917 cele·

112 2931 171 2982 riter
186 2929 287 2998 perlata
299 2938 348 2982 est.
385 2930 498 2983 Abscisa
515 2948 576 2999 ergo
588 2940 671 3001 veste,
684 2948 737 3000 qua
754 2930 847 2985 1911919
863 2940 927 3002 9191,
940 2932 1014 3002 lugu·

139 3107 145 3130 ²
159 3101 257 3149 ‘When
268 3102 325 3161 they
336 3101 383 3149 had
393 3102 456 3150 been
467 3102 523 3163 long
533 3103 652 3151 absorbed
663 3104 704 3152 in.’

137 3178 147 3202 ²
158 3177 164 3199 ‘
175 3172 247 3221 From
259 3172 321 3220 their
331 3172 426 3232 regular
436 3173 536 3229 (19111111,
548 3174 697 3235 recognieed)
708 3175 784 3237 king?

138 3248 247 3296 ”Some
263 3247 324 3296 from
340 3247 381 3295 the
392 3248 470 3304 wells,
483 3247 565 3298 others
576 3248 637 3298 11991
651 3250 693 3298 the
709 3251 772 3300 rcofs
788 3250 817 3299 of
830 3251 893 3300 their
903 3251 1013 3303 houset?

110 3306 166 3355 'l'lie
181 3307 308 3368 repetition
323 3306 351 3354 91
366 3307 406 3355 the
422 3308 569 3369 proposition
584 3309 656 3358 isnot
668 3325 796 3371 necessary,
806 3310 878 3366 (Zum
895 3310 1016 3367 117151.

110 3364 166 3415 Τ119
176 3365 245 3416 walle
256 3366 313 3416 here
324 3365 417 3427 spoken
428 3366 457 3416 of
462 3381 502 3416 are
513 3326 973 3432 1199999919919911191991919199

579 3447 598 3486 0
