2274 3772
403 227 404 231 ,
484 195 577 236 arara
596 194 649 236 rrr.
967 179 1022 235 lea

113 309 153 362 Tu
177 309 302 377 Amynta,
320 305 427 374 ignosce
445 304 518 357 fratri
537 314 589 357 tuo.
625 304 682 358 Erit
700 303 924 375 hocsimpliciter¹
943 305 1024 358 etiam

113 348 181 433 mihi
193 376 352 447 reconciliati
364 374 446 428 animi
458 375 495 427 tui
507 374 611 444 pignus.

149 453 174 501 7.
192 446 318 500 Contione
342 444 441 498 deinde
466 443 582 510 dimissa,
607 441 800 513 Polydamanta
826 445 914 497 vocari
939 444 1024 514 jubet.

114 517 205 586 Longe
235 514 440 585 acceptissimus
462 511 630 567 Parmenioni
653 522 716 582 erat,
741 514 876 583 proximus
899 515 973 567 lateri
997 515 1025 568 iu

113 588 171 640 acie
185 596 253 638 stare
265 585 365 637 solitus.
397 584 430 636 Et
443 599 605 651 quamquam
618 583 778 636 conscientia
789 583 874 636 fretus
885 586 910 636 in
924 585 1025 652 regiam

114 664 230 724 venerat,
249 666 346 722 tamen,
365 663 395 706 ut
417 651 506 721 jussus
526 660 566 704 est
589 650 683 704 fratres
700 668 762 705 suos
779 652 913 723 exhibere,
932 653 1023 706 admo-

115 726 191 779 dum²
207 725 321 794 juvenes
338 731 366 774 et
384 722 438 789 regi
456 721 558 788 ignotos
574 720 608 773 ob
626 728 750 791 aetatem,
769 721 867 775 fiducia
884 723 910 774 in
929 723 1025 775 sollici·

115 795 234 848 tudinem
248 810 330 861 versa,
344 791 475 859 trepidare
487 790 580 860 coepit,
594 791 699 859 saepius
717 807 786 861 quae
803 808 898 844 nocere
910 800 1024 863 possent,

114 882 194 934 quam
219 863 316 932 quibus
339 878 368 914 se
389 868 512 928 tueretur,
532 867 664 943 qeputans.
700 860 761 913 Jam
780 861 910 931 armigeri,
929 861 1026 930 quibus

116 935 275 1002 imperatum
299 939 363 998 erat,
387 927 561 999 produxerant
590 945 644 997 eos,
669 945 732 983 curn
759 947 923 999 exsanguem
950 942 1026 984 metu

116 1002 308 1072 Polydamanta
320 1016 365 1068 pro
386 1001 426 1051 ius
440 997 570 1051 accedere
586 997 676 1068 jubet:
696 999 876 1070 submotisque
894 1001 1024 1070 omnibus,

115 1073 229 1140 Scelere,
251 1069 344 1139 inquit,
365 1016 546 1121 Parmenionis
565 1084 658 1120 omnes
678 1069 775 1137 pariter
794 1086 810 1120 a
830 1069 905 1138 petiti
924 1087 1025 1139 sumus,

115 1141 234 1195 maxime
247 1155 296 1207 ego
308 1155 340 1191 ac
352 1149 388 1207 tu,
402 1154 468 1207 quos
486 1137 618 1189 amicitiae
637 1138 727 1208 specie
744 1087 849 1191 leselht.
885 1138 927 1193 Ad
945 1156 1025 1209 quem

64 1260 67 1265 .
116 1209 330 1280 persequendum
349 1206 565 1277 puniendumque
585 1204 658 1277 (vide
675 1215 804 1277 quantum
821 1207 885 1261 fidei
897 1217 959 1261 tuae
971 1225 1026 1261 cre-

117 1279 191 1345 dam)
205 1288 230 1330 te
241 1278 361 1331 ministro
373 1277 412 1328 uti
424 1276 512 1329 statui.
547 1275 668 1344 Obsides,
681 1277 747 1330 dum
764 1277 815 1330 hcc
826 1278 937 1347 peragis,
951 1286 1028 1331 erunt

117 1349 211 1401 fratres
229 1348 276 1401 tui.
312 1346 481 1419 Proficiscere
500 1346 526 1398 in
545 1345 674 1414 Mediam,
688 1355 715 1398 et
732 1346 767 1399 ad
785 1346 933 1417 praefectos
951 1363 1026 1400 meos

117 1416 218 1470 litteras
230 1417 340 1486 scriptas
357 1433 438 1468 manu
456 1432 518 1468 mea
536 1414 631 1484 perfer.
654 1415 816 1470 vVelocitate
834 1433 901 1486 opus
913 1426 961 1485 est,
974 1432 1028 1485 qua

117 1487 282 1540 celeritatem
294 1485 383 1538 famae
396 1484 548 1538 antecedas.
584 1485 671 1538 Noctu
680 1487 822 1555 'pervcmre
840 1486 903 1539 illuc
921 1495 947 1538 te
960 1486 1026 1556 volo,

117 1571 220 1627 postero
240 1555 291 1625 die,
311 1571 380 1676 qnae
400 1555 499 1625 scripta
517 1562 601 1624 erunt,
621 1556 726 1624 exequi.
762 1556 805 1609 Ad
825 1555 1028 1609 Parmenionem

118 1643 223 1696 quoque
235 1625 318 1697 episto
329 1642 359 1677 as
375 1624 454 1694 feres,
468 1641 548 1677 unam
561 1640 578 1676 a
589 1641 642 1693 me,
655 1624 767 1678 alteram
784 1625 903 1679 Philotae
921 1627 1028 1678 nomine

117 1697 251 1765 scriptam.
287 1695 396 1762 Signum
414 1694 487 1747 anuli
498 1693 559 1763 ejus
570 1692 597 1746 in
608 1710 671 1747 mea
682 1703 812 1764 potestate
830 1705 879 1748 est.
915 1695 942 1747 Si
954 1704 1029 1764 pater

116 1766 207 1819 credet
219 1783 236 1817 a
247 1763 300 1817 filio
313 1764 481 1833 impressum,
494 1779 558 1815 cum
570 1770 596 1815 te
608 1763 717 1834 videret,
730 1763 795 1817 nihil
807 1772 918 1817 metuet.

152 1839 177 1887 8.
196 1833 364 1903 Polydamas,
394 1841 466 1885 tanto
495 1832 621 1885 liberatus
648 1841 731 1903 metu,
761 1832 908 1902 impensius
937 1833 1031 1886 etiam⁸

118 1920 199 1973 quam
218 1902 378 1971 exigebatur,
391 1901 519 1971 promittit
536 1917 653 1970 operam.
689 1901 911 1970 collaudatusque
929 1911 955 1953 et
975 1917 1029 1970 pro-

117 1973 208 2026 missis
225 1980 355 2038 cneratus,
374 1970 494 2040 deposita
511 1980 594 2039 veste,
614 1987 695 2039 quam
712 1969 836 2040 habebat,
857 1970 972 2023 Arabica
989 1970 1028 2022 in-

118 2041 226 2094 duitur.⁴
260 2043 318 2094 Duc
340 2039 451 2110 Arabes,
476 2057 587 2109 quorum
611 2039 717 2093 interim
739 2039 865 2109 conjuges
887 2056 920 2091 ac
944 2039 1028 2110 liberi,

118 2111 254 2163 vinculum
266 2109 337 2178 fidei,
351 2108 457 2162 obsides
468 2110 538 2178 apud
552 2125 643 2178 regem
655 2117 736 2179 erant,
749 2109 805 2162 dati
823 2110 942 2162 comites.
979 2110 1030 2162 Per

118 2179 224 2234 deserta
236 2181 316 2233 etiam
330 2178 364 2232 cb
381 2179 532 2232 siccitatem
548 2178 613 2248 loca,
627 2179 738 2232 camelis
748 2178 891 2232 undecima
902 2179 966 2247 die,⁶
978 2195 1030 2247 quo

118 2249 305 2319 destinaverat,
323 2249 489 2318 perveniunt.
507 2254 511 2258 ’
527 2249 560 2302 Εῑ
577 2249 650 2318 prius
687 2266 749 2302 uam
766 2249 849 2318 ipsius
866 2249 1030 2302 nuntiaretur

117 2319 255 2388 adrentus,
269 2335 358 2370 rursus
376 2317 535 2388 Polydamas
552 2327 655 2371 vestem
705 2317 877 2372 acedonicam
895 2319 983 2385 sumit,
1003 2325 1030 2370 et

119 2388 145 2440 iu
168 2387 369 2441 tabernaculum
389 2387 510 2440 Cleandri
535 2387 648 2457 (praetor
668 2385 713 2440 hio
736 2388 823 2455 regius
846 2387 913 2457 erat)
937 2395 1029 2455 quarta

117 2457 208 2526 vigilia
220 2457 349 2526 pervenit.
384 2456 505 2509 Redditis
517 2455 614 2509 deinde
626 2457 728 2526 litteris,
741 2457 932 2510 constituerunt
945 2455 1030 2524 prima

118 2526 179 2580 luce
191 2526 224 2579 ad
238 2525 439 2580 Parmenionem
452 2525 543 2578 coire.⁸
577 2526 703 2594 Namque
715 2526 796 2578 ceteri
807 2541 920 2594 quoque,
934 2524 1030 2593 quibus

117 2595 220 2649 litteras
238 2595 308 2664 regis
323 2594 454 2659 attulerat,
467 2594 502 2647 ad
520 2610 583 2647 eum
601 2595 705 2647 venturi
722 2603 803 2647 erant.
841 2595 903 2648 Jam
921 2594 1029 2646 Parme·

118 2666 190 2719 nicni
202 2665 394 2735 Polydamanta
411 2664 516 2717 venisse
534 2663 729 2717 nuntiaverunt.
764 2663 816 2722 Qui
834 2663 896 2716 dum
916 2663 1029 2717 laetatur

116 2735 233 2788 adventu
254 2734 342 2814 amici,
362 2733 495 2803 simulque
513 2734 646 2803 noscendi,
665 2750 734 2804 quae
753 2749 801 2788 rex
818 2741 918 2803 ageret,
934 2733 1029 2786 avidus
1105 2766 1114 2781 t

116 2804 227 2927 qquippe
240 2804 316 2872 longo
335 2803 471 2856 intervallo
489 2803 589 2856 nullam
608 2802 643 2856 ab
660 2820 692 2856 eo
710 2802 848 2872 epistolam
867 2802 1027 2874 acceperat),

138 2873 309 2944 olydamanta
328 2872 426 2942 requiri
445 2872 530 2942 jubet.
565 2873 713 2925 Diversoria
732 2872 846 2940 regionis
865 2872 934 2925 illius
954 2889 1027 2940 mag-

117 2957 140 2964 ,-

145 2992 152 3014 ¹
166 2985 353 3045 ‘Completely,¹
369 2985 575 3046 ‘unreservedly,’
588 2985 721 3033 connected
733 2984 791 3034 with
803 2987 952 3034 reconciliati.

144 3050 153 3074 ⁹
165 3051 171 3071 ¹
181 3046 274 3093 Rather
282 3045 298 3102 ;’
311 3054 352 3092 not
363 3059 391 3092 so
402 3056 485 3104 strong
496 3060 522 3092 as
534 3046 610 3100 valde,
626 3044 715 3104 ‘very'

144 3109 153 3133 ³
165 3105 235 3151 ‘Still
247 3118 312 3151 more
324 3102 429 3151 aealousl
457 3119 484 3150 or
494 3103 682 3163 emphatically.’
715 3103 762 3152 See
773 3103 871 3163 Zumpt,
884 3103 898 3154 i
909 3105 961 3150 486.

144 3169 152 3192 ⁴
165 3169 171 3190 ¹
182 3164 220 3210 He
231 3161 327 3211 dresses
338 3119 447 3210 himseli⁷

145 3223 224 3270 *This
236 3238 286 3270 was
297 3238 311 3270 a
321 3221 456 3269 remarkabl
485 3220 551 3280 rapid
564 3221 676 3281 joumey,
688 3236 733 3269 one
745 3221 825 3270 which
841 3219 911 3269 could
927 3218 985 3279 only
996 3221 1027 3267 he

114 3280 250 3340 performed
261 3281 320 3328 with
331 3295 391 3339 very
401 3280 447 3327 ewi
458 3290 465 3327 t
478 3280 576 3328 camels.
608 3279 679 3329 With
689 3279 801 3340 ordinary
811 3279 902 3328 camels
913 3277 954 3324 the
966 3278 1027 3325 tima

114 3354 174 3387 occu
192 3339 230 3387 ied
241 3355 291 3387 was
302 3339 362 3387 from
374 3339 449 3398 thirty
460 3349 484 3387 to
495 3338 558 3399 forty
569 3338 637 3400 days.
941 3389 947 3398 ,
1029 3384 1036 3394 ,

108 3403 151 3502 ὠ·
190 3408 219 3504 ott
226 3397 283 3458 only
294 3398 362 3448 these
374 3408 432 3458 two,
447 3399 491 3449 but
506 3397 560 3450 also
576 3398 622 3450 tho
637 3397 737 3459 others,
746 3397 809 3446 ntro
818 3385 1069 3444 exemenmomam

135 3469 208 3504 euax
227 3467 351 3508 sentence.
382 3467 386 3481 ¹

451 3162 493 3210 in!
