<?xml version="1.0" encoding="UTF-8"?>
<!DOCTYPE html PUBLIC "-//W3C//DTD XHTML 1.0 Transitional//EN"
    "http://www.w3.org/TR/xhtml1/DTD/xhtml1-transitional.dtd">
<html xmlns="http://www.w3.org/1999/xhtml" xml:lang="en" lang="en">
 <head>
  <title>
</title>
<meta http-equiv="Content-Type" content="text/html;charset=utf-8" />
  <meta name='ocr-system' content='tesseract 3.04.00' />
  <meta name='ocr-capabilities' content='ocr_page ocr_carea ocr_par ocr_line ocrx_word'/>
</head>
<body>
  <div class='ocr_page' id='page_1' title='image "./degestisalexand00rufugoog_0183.png"; bbox 0 0 2274 3772; ppageno 0'>
   <div class='ocr_carea' id='block_1_1' title="bbox 118 151 757 210">
    <p class='ocr_par' dir='ltr' id='par_1_1' title="bbox 118 151 757 210">
     <span class='ocr_line' id='line_1_1' title="bbox 118 151 757 210; baseline 0 -2"><span class='ocrx_word' id='word_1_1' title='bbox 118 151 174 208; x_wconf 81' lang='lat' dir='ltr'><strong>ito</strong></span> <span class='ocrx_word' id='word_1_2' title='bbox 381 167 421 207; x_wconf 85' lang='lat' dir='ltr'><strong>nii</strong></span> <span class='ocrx_word' id='word_1_3' title='bbox 444 168 550 209; x_wconf 83' lang='lat' dir='ltr'><strong>onsris</strong></span> <span class='ocrx_word' id='word_1_4' title='bbox 571 169 757 210; x_wconf 79' lang='lat' dir='ltr'><strong>innxinnei.</strong></span> 
     </span>
    </p>
   </div>
   <div class='ocr_carea' id='block_1_2' title="bbox 112 275 1027 2153">
    <p class='ocr_par' dir='ltr' id='par_1_2' title="bbox 112 275 1027 2153">
     <span class='ocr_line' id='line_1_2' title="bbox 114 275 1026 346; baseline 0.004 -17"><span class='ocrx_word' id='word_1_5' title='bbox 114 291 231 330; x_wconf 83' lang='lat' dir='ltr'><strong>mecum.</strong></span> <span class='ocrx_word' id='word_1_6' title='bbox 266 275 323 344; x_wconf 85' lang='lat' dir='ltr'><strong>Ego</strong></span> <span class='ocrx_word' id='word_1_7' title='bbox 336 275 384 330; x_wconf 92' lang='lat' dir='ltr'><strong>tibi</strong></span> <span class='ocrx_word' id='word_1_8' title='bbox 395 277 478 330; x_wconf 86' lang='lat' dir='ltr'><strong>vitam</strong></span> <span class='ocrx_word' id='word_1_9' title='bbox 490 275 585 346; x_wconf 89' lang='lat' dir='ltr'><strong>adimo,</strong></span> <span class='ocrx_word' id='word_1_10' title='bbox 599 294 648 346; x_wconf 83' lang='lat' dir='ltr'><strong>ego</strong></span> <span class='ocrx_word' id='word_1_11' title='bbox 667 287 833 332; x_wconf 86' lang='lat' dir='ltr'><strong>senectutem</strong></span> <span class='ocrx_word' id='word_1_12' title='bbox 851 287 924 331; x_wconf 90' lang='lat' dir='ltr'><strong>tuam</strong></span> <span class='ocrx_word' id='word_1_13' title='bbox 937 280 1026 333; x_wconf 81' lang='lat' dir='ltr'><strong>extin-</strong></span> 
     </span>
     <span class='ocr_line' id='line_1_3' title="bbox 151 343 1027 416; baseline 0.008 -20"><span class='ocrx_word' id='word_1_14' title='bbox 151 344 183 397; x_wconf 88' lang='lat' dir='ltr'><strong>o!</strong></span> <span class='ocrx_word' id='word_1_15' title='bbox 221 343 291 402; x_wconf 84' lang='lat' dir='ltr'><strong>Quid</strong></span> <span class='ocrx_word' id='word_1_16' title='bbox 313 345 385 398; x_wconf 89' lang='lat' dir='ltr'><strong>enim</strong></span> <span class='ocrx_word' id='word_1_17' title='bbox 413 364 457 400; x_wconf 88' lang='lat' dir='ltr'><strong>ins</strong></span> <span class='ocrx_word' id='word_1_18' title='bbox 481 347 637 416; x_wconf 81' lang='lat' dir='ltr'>procreabas</span> <span class='ocrx_word' id='word_1_19' title='bbox 661 348 796 401; x_wconf 84' lang='lat' dir='ltr'><strong>infelicem</strong></span> <span class='ocrx_word' id='word_1_20' title='bbox 819 347 1027 402; x_wconf 84' lang='lat' dir='ltr'><strong>adversantibus</strong></span> 
     </span>
     <span class='ocr_line' id='line_1_4' title="bbox 134 412 1026 487; baseline 0.006 -21"><span class='ocrx_word' id='word_1_21' title='bbox 134 414 185 467; x_wconf 77' lang='lat' dir='ltr'><strong>list</strong></span> <span class='ocrx_word' id='word_1_22' title='bbox 209 430 242 473; x_wconf 88' lang='lat' dir='ltr'><strong>an</strong></span> <span class='ocrx_word' id='word_1_23' title='bbox 261 412 356 468; x_wconf 86' lang='lat' dir='ltr'><strong>athos</strong></span> <span class='ocrx_word' id='word_1_24' title='bbox 374 432 407 469; x_wconf 85' lang='lat' dir='ltr'><strong>eii</strong></span> <span class='ocrx_word' id='word_1_25' title='bbox 425 433 470 469; x_wconf 91' lang='lat' dir='ltr'><strong>me</strong></span> <span class='ocrx_word' id='word_1_26' title='bbox 488 415 590 469; x_wconf 85' lang='lat' dir='ltr'><strong>fructus</strong></span> <span class='ocrx_word' id='word_1_27' title='bbox 606 418 765 487; x_wconf 83' lang='lat' dir='ltr'><strong>perciperes,</strong></span> <span class='ocrx_word' id='word_1_28' title='bbox 784 416 830 487; x_wconf 89' lang='lat' dir='ltr'><strong>qui</strong></span> <span class='ocrx_word' id='word_1_29' title='bbox 848 426 873 468; x_wconf 92' lang='lat' dir='ltr'><strong>te</strong></span> <span class='ocrx_word' id='word_1_30' title='bbox 892 419 1026 471; x_wconf 75' lang='lat' dir='ltr'><strong>manerat</strong></span> 
     </span>
     <span class='ocr_line' id='line_1_5' title="bbox 115 483 1026 556; baseline 0.005 -20"><span class='ocrx_word' id='word_1_31' title='bbox 115 483 221 553; x_wconf 86' lang='lat' dir='ltr'><strong>Nescio,</strong></span> <span class='ocrx_word' id='word_1_32' title='bbox 234 483 415 537; x_wconf 89' lang='lat' dir='ltr'><strong>adolescentia</strong></span> <span class='ocrx_word' id='word_1_33' title='bbox 432 501 494 538; x_wconf 86' lang='lat' dir='ltr'><strong>mea</strong></span> <span class='ocrx_word' id='word_1_34' title='bbox 511 485 631 538; x_wconf 89' lang='lat' dir='ltr'><strong>miserior</strong></span> <span class='ocrx_word' id='word_1_35' title='bbox 642 487 683 556; x_wconf 89' lang='lat' dir='ltr'><strong>sit,</strong></span> <span class='ocrx_word' id='word_1_36' title='bbox 696 504 730 540; x_wconf 91' lang='lat' dir='ltr'><strong>an</strong></span> <span class='ocrx_word' id='word_1_37' title='bbox 749 496 872 539; x_wconf 86' lang='lat' dir='ltr'><strong>senectus</strong></span> <span class='ocrx_word' id='word_1_38' title='bbox 889 496 951 539; x_wconf 85' lang='lat' dir='ltr'><strong>tua:</strong></span> <span class='ocrx_word' id='word_1_39' title='bbox 972 504 1026 555; x_wconf 88' lang='lat' dir='ltr'><strong>ego</strong></span> 
     </span>
     <span class='ocr_line' id='line_1_6' title="bbox 115 552 1024 626; baseline 0.006 -21"><span class='ocrx_word' id='word_1_40' title='bbox 115 552 143 605; x_wconf 90' lang='lat' dir='ltr'><strong>iu</strong></span> <span class='ocrx_word' id='word_1_41' title='bbox 157 555 210 619; x_wconf 87' lang='lat' dir='ltr'><strong>ipso</strong></span> <span class='ocrx_word' id='word_1_42' title='bbox 223 553 314 607; x_wconf 84' lang='lat' dir='ltr'><strong>robore</strong></span> <span class='ocrx_word' id='word_1_43' title='bbox 329 557 424 608; x_wconf 86' lang='lat' dir='ltr'><strong>aetatis</strong></span> <span class='ocrx_word' id='word_1_44' title='bbox 442 554 551 624; x_wconf 90' lang='lat' dir='ltr'><strong>eripior:</strong></span> <span class='ocrx_word' id='word_1_45' title='bbox 571 555 620 607; x_wconf 88' lang='lat' dir='ltr'><strong>tibi</strong></span> <span class='ocrx_word' id='word_1_46' title='bbox 637 556 762 623; x_wconf 29' lang='lat' dir='ltr'><strong>carnifex,</strong></span> <span class='ocrx_word' id='word_1_47' title='bbox 772 556 893 626; x_wconf 88' lang='lat' dir='ltr'><strong>spiritum</strong></span> <span class='ocrx_word' id='word_1_48' title='bbox 911 557 1024 625; x_wconf 81' lang='lat' dir='ltr'><strong>adimet,</strong></span> 
     </span>
     <span class='ocr_line' id='line_1_7' title="bbox 115 622 1025 694; baseline 0.008 -22"><span class='ocrx_word' id='word_1_49' title='bbox 115 638 196 691; x_wconf 89' lang='lat' dir='ltr'><strong>quem</strong></span> <span class='ocrx_word' id='word_1_50' title='bbox 214 622 237 675; x_wconf 92' lang='lat' dir='ltr'><strong>si</strong></span> <span class='ocrx_word' id='word_1_51' title='bbox 254 622 358 677; x_wconf 89' lang='lat' dir='ltr'><strong>fortuna</strong></span> <span class='ocrx_word' id='word_1_52' title='bbox 375 633 517 694; x_wconf 79' lang='lat' dir='ltr'><strong>expectare</strong></span> <span class='ocrx_word' id='word_1_53' title='bbox 534 623 668 694; x_wconf 85' lang='lat' dir='ltr'><strong>voluisset,</strong></span> <span class='ocrx_word' id='word_1_54' title='bbox 688 629 780 678; x_wconf 85' lang='lat' dir='ltr'><strong>natura</strong></span> <span class='ocrx_word' id='word_1_55' title='bbox 798 626 931 694; x_wconf 85' lang='lat' dir='ltr'><strong>poscebat.</strong></span> <span class='ocrx_word' id='word_1_56' title='bbox 969 626 1025 679; x_wconf 86' lang='lat' dir='ltr'><strong>Ail-</strong></span> 
     </span>
     <span class='ocr_line' id='line_1_8' title="bbox 115 692 1023 765; baseline 0.001 -20"><span class='ocrx_word' id='word_1_57' title='bbox 115 692 217 745; x_wconf 88' lang='lat' dir='ltr'><strong>monuit</strong></span> <span class='ocrx_word' id='word_1_58' title='bbox 235 709 279 745; x_wconf 90' lang='lat' dir='ltr'><strong>me</strong></span> <span class='ocrx_word' id='word_1_59' title='bbox 296 692 378 762; x_wconf 90' lang='lat' dir='ltr'><strong>patris</strong></span> <span class='ocrx_word' id='word_1_60' title='bbox 400 694 455 754; x_wconf 88' lang='lat' dir='ltr'><strong>mei</strong></span> <span class='ocrx_word' id='word_1_61' title='bbox 474 693 580 762; x_wconf 89' lang='lat' dir='ltr'><strong>mentio,</strong></span> <span class='ocrx_word' id='word_1_62' title='bbox 600 710 681 762; x_wconf 92' lang='lat' dir='ltr'><strong>quam</strong></span> <span class='ocrx_word' id='word_1_63' title='bbox 700 695 791 747; x_wconf 85' lang='lat' dir='ltr'><strong>timide</strong></span> <span class='ocrx_word' id='word_1_64' title='bbox 810 707 836 746; x_wconf 86' lang='lat' dir='ltr'><strong>et</strong></span> <span class='ocrx_word' id='word_1_65' title='bbox 854 704 1023 765; x_wconf 86' lang='lat' dir='ltr'><strong>cunctantur,</strong></span> 
     </span>
     <span class='ocr_line' id='line_1_9' title="bbox 115 761 1026 832; baseline 0.003 -19"><span class='ocrx_word' id='word_1_66' title='bbox 115 777 184 831; x_wconf 91' lang='lat' dir='ltr'><strong>quae</strong></span> <span class='ocrx_word' id='word_1_67' title='bbox 205 761 348 816; x_wconf 88' lang='lat' dir='ltr'><strong>Cebalinus</strong></span> <span class='ocrx_word' id='word_1_68' title='bbox 366 762 497 816; x_wconf 90' lang='lat' dir='ltr'><strong>detulerat</strong></span> <span class='ocrx_word' id='word_1_69' title='bbox 516 761 550 816; x_wconf 87' lang='lat' dir='ltr'><strong>ad</strong></span> <span class='ocrx_word' id='word_1_70' title='bbox 570 779 623 832; x_wconf 89' lang='lat' dir='ltr'><strong>me,</strong></span> <span class='ocrx_word' id='word_1_71' title='bbox 642 764 757 816; x_wconf 88' lang='lat' dir='ltr'><strong>indicare</strong></span> <span class='ocrx_word' id='word_1_72' title='bbox 776 764 923 817; x_wconf 88' lang='lat' dir='ltr'><strong>debuerim.</strong></span> <span class='ocrx_word' id='word_1_73' title='bbox 961 765 1026 816; x_wconf 88' lang='lat' dir='ltr'><strong>Par-</strong></span> 
     </span>
     <span class='ocr_line' id='line_1_10' title="bbox 115 831 1025 903; baseline 0.002 -19"><span class='ocrx_word' id='word_1_74' title='bbox 115 831 202 884; x_wconf 89' lang='lat' dir='ltr'><strong>menio</strong></span> <span class='ocrx_word' id='word_1_75' title='bbox 212 832 291 902; x_wconf 90' lang='lat' dir='ltr'><strong>enirn,</strong></span> <span class='ocrx_word' id='word_1_76' title='bbox 305 849 367 886; x_wconf 90' lang='lat' dir='ltr'><strong>cum</strong></span> <span class='ocrx_word' id='word_1_77' title='bbox 381 833 506 900; x_wconf 83' lang='lat' dir='ltr'><strong>audisset,</strong></span> <span class='ocrx_word' id='word_1_78' title='bbox 521 849 653 886; x_wconf 89' lang='lat' dir='ltr'><strong>venenum</strong></span> <span class='ocrx_word' id='word_1_79' title='bbox 665 850 682 885; x_wconf 91' lang='lat' dir='ltr'><strong>a</strong></span> <span class='ocrx_word' id='word_1_80' title='bbox 695 833 825 903; x_wconf 88' lang='lat' dir='ltr'><strong>Phillippo</strong></span> <span class='ocrx_word' id='word_1_81' title='bbox 843 834 947 886; x_wconf 89' lang='lat' dir='ltr'><strong>medico</strong></span> <span class='ocrx_word' id='word_1_82' title='bbox 967 835 1025 902; x_wconf 87' lang='lat' dir='ltr'><strong>regi</strong></span> 
     </span>
     <span class='ocr_line' id='line_1_11' title="bbox 114 900 1026 972; baseline 0.004 -20"><span class='ocrx_word' id='word_1_83' title='bbox 114 901 207 970; x_wconf 88' lang='lat' dir='ltr'><strong>parari,</strong></span> <span class='ocrx_word' id='word_1_84' title='bbox 232 900 364 954; x_wconf 87' lang='lat' dir='ltr'><strong>deterrere</strong></span> <span class='ocrx_word' id='word_1_85' title='bbox 388 918 451 955; x_wconf 91' lang='lat' dir='ltr'><strong>eum</strong></span> <span class='ocrx_word' id='word_1_86' title='bbox 475 901 558 954; x_wconf 87' lang='lat' dir='ltr'><strong>voluit</strong></span> <span class='ocrx_word' id='word_1_87' title='bbox 581 901 692 971; x_wconf 82' lang='lat' dir='ltr'><strong>epistola</strong></span> <span class='ocrx_word' id='word_1_88' title='bbox 721 904 825 972; x_wconf 79' lang='lat' dir='ltr'><strong>scripta,</strong></span> <span class='ocrx_word' id='word_1_89' title='bbox 851 919 902 972; x_wconf 93' lang='lat' dir='ltr'><strong>quo</strong></span> <span class='ocrx_word' id='word_1_90' title='bbox 932 903 1026 956; x_wconf 91' lang='lat' dir='ltr'><strong>minus</strong></span> 
     </span>
     <span class='ocr_line' id='line_1_12' title="bbox 115 969 1024 1042; baseline 0.004 -21"><span class='ocrx_word' id='word_1_91' title='bbox 115 969 343 1024; x_wconf 78' lang='lat' dir='ltr'><strong>medicamentum</strong></span> <span class='ocrx_word' id='word_1_92' title='bbox 366 971 477 1042; x_wconf 87' lang='lat' dir='ltr'><strong>biberet,</strong></span> <span class='ocrx_word' id='word_1_93' title='bbox 502 970 571 1040; x_wconf 88' lang='lat' dir='ltr'><strong>quod</strong></span> <span class='ocrx_word' id='word_1_94' title='bbox 595 971 717 1025; x_wconf 87' lang='lat' dir='ltr'><strong>medicus</strong></span> <span class='ocrx_word' id='word_1_95' title='bbox 740 972 802 1025; x_wconf 86' lang='lat' dir='ltr'><strong>dare</strong></span> <span class='ocrx_word' id='word_1_96' title='bbox 832 972 1024 1025; x_wconf 64' lang='lat' dir='ltr'><strong>constituerem</strong></span> 
     </span>
     <span class='ocr_line' id='line_1_13' title="bbox 114 1039 1024 1112; baseline 0.004 -21"><span class='ocrx_word' id='word_1_97' title='bbox 114 1039 187 1092; x_wconf 90' lang='lat' dir='ltr'><strong>Num</strong></span> <span class='ocrx_word' id='word_1_98' title='bbox 200 1040 331 1094; x_wconf 90' lang='lat' dir='ltr'><strong>creditum</strong></span> <span class='ocrx_word' id='word_1_99' title='bbox 342 1050 383 1094; x_wconf 89' lang='lat' dir='ltr'><strong>est</strong></span> <span class='ocrx_word' id='word_1_100' title='bbox 395 1042 462 1110; x_wconf 87' lang='lat' dir='ltr'><strong>patri</strong></span> <span class='ocrx_word' id='word_1_101' title='bbox 479 1041 559 1094; x_wconf 74' lang='lat' dir='ltr'><strong>meat</strong></span> <span class='ocrx_word' id='word_1_102' title='bbox 579 1058 642 1095; x_wconf 91' lang='lat' dir='ltr'><strong>num</strong></span> <span class='ocrx_word' id='word_1_103' title='bbox 661 1042 742 1094; x_wconf 87' lang='lat' dir='ltr'><strong>ullam</strong></span> <span class='ocrx_word' id='word_1_104' title='bbox 760 1042 943 1103; x_wconf 86' lang='lat' dir='ltr'><strong>auctoritatem</strong></span> <span class='ocrx_word' id='word_1_105' title='bbox 963 1042 1024 1112; x_wconf 87' lang='lat' dir='ltr'><strong>ejus</strong></span> 
     </span>
     <span class='ocr_line' id='line_1_14' title="bbox 115 1106 1022 1231; baseline 0.006 -72"><span class='ocrx_word' id='word_1_106' title='bbox 115 1106 217 1161; x_wconf 78' lang='lat' dir='ltr'><strong>litterae</strong></span> <span class='ocrx_word' id='word_1_107' title='bbox 230 1108 398 1163; x_wconf 78' lang='lat' dir='ltr'><strong>habueruntl</strong></span> <span class='ocrx_word' id='word_1_108' title='bbox 428 1111 485 1179; x_wconf 86' lang='lat' dir='ltr'><strong>Ego</strong></span> <span class='ocrx_word' id='word_1_109' title='bbox 496 1111 561 1180; x_wconf 88' lang='lat' dir='ltr'><strong>ipse,</strong></span> <span class='ocrx_word' id='word_1_110' title='bbox 571 1113 691 1231; x_wconf 70' lang='lat' dir='ltr'><strong>&lt;potiens</strong></span> <span class='ocrx_word' id='word_1_111' title='bbox 701 1128 769 1179; x_wconf 87' lang='lat' dir='ltr'><strong>quae</strong></span> <span class='ocrx_word' id='word_1_112' title='bbox 781 1111 917 1165; x_wconf 84' lang='lat' dir='ltr'><strong>audieram</strong></span> <span class='ocrx_word' id='word_1_113' title='bbox 927 1111 1022 1182; x_wconf 90' lang='lat' dir='ltr'><strong>detuli,</strong></span> 
     </span>
     <span class='ocr_line' id='line_1_15' title="bbox 115 1177 1022 1249; baseline 0.004 -19"><span class='ocrx_word' id='word_1_114' title='bbox 115 1193 177 1231; x_wconf 88' lang='lat' dir='ltr'><strong>oum</strong></span> <span class='ocrx_word' id='word_1_115' title='bbox 200 1177 313 1233; x_wconf 92' lang='lat' dir='ltr'><strong>ludibrio</strong></span> <span class='ocrx_word' id='word_1_116' title='bbox 331 1179 637 1249; x_wconf 66' lang='lat' dir='ltr'><strong>credulitatis&#39;repusus</strong></span> <span class='ocrx_word' id='word_1_117' title='bbox 661 1198 730 1233; x_wconf 92' lang='lat' dir='ltr'><strong>sum.</strong></span> <span class='ocrx_word' id='word_1_118' title='bbox 766 1180 791 1234; x_wconf 86' lang='lat' dir='ltr'><strong>Si</strong></span> <span class='ocrx_word' id='word_1_119' title='bbox 816 1191 842 1233; x_wconf 90' lang='lat' dir='ltr'><strong>et</strong></span> <span class='ocrx_word' id='word_1_120' title='bbox 866 1197 928 1233; x_wconf 87' lang='lat' dir='ltr'><strong>curn</strong></span> <span class='ocrx_word' id='word_1_121' title='bbox 953 1181 1022 1234; x_wconf 90' lang='lat' dir='ltr'><strong>iiidi-</strong></span> 
     </span>
     <span class='ocr_line' id='line_1_16' title="bbox 115 1248 1023 1320; baseline 0.003 -20"><span class='ocrx_word' id='word_1_122' title='bbox 115 1256 215 1318; x_wconf 79' lang='lat' dir='ltr'><strong>camus,</strong></span> <span class='ocrx_word' id='word_1_123' title='bbox 234 1249 321 1320; x_wconf 85' lang='lat' dir='ltr'><strong>invisi,</strong></span> <span class='ocrx_word' id='word_1_124' title='bbox 340 1259 367 1302; x_wconf 89' lang='lat' dir='ltr'><strong>et</strong></span> <span class='ocrx_word' id='word_1_125' title='bbox 384 1266 446 1303; x_wconf 92' lang='lat' dir='ltr'><strong>cum</strong></span> <span class='ocrx_word' id='word_1_126' title='bbox 464 1248 591 1318; x_wconf 77' lang='lat' dir='ltr'><strong>tacemus,</strong></span> <span class='ocrx_word' id='word_1_127' title='bbox 605 1250 719 1319; x_wconf 84' lang='lat' dir='ltr'><strong>suspecti</strong></span> <span class='ocrx_word' id='word_1_128' title='bbox 738 1267 836 1318; x_wconf 82' lang='lat' dir='ltr'><strong>sumus,</strong></span> <span class='ocrx_word' id='word_1_129' title='bbox 850 1251 912 1319; x_wconf 89' lang='lat' dir='ltr'><strong>quid</strong></span> <span class='ocrx_word' id='word_1_130' title='bbox 931 1249 1023 1303; x_wconf 87' lang='lat' dir='ltr'><strong>facere</strong></span> 
     </span>
     <span class='ocr_line' id='line_1_17' title="bbox 115 1317 1022 1388; baseline 0.003 -19"><span class='ocrx_word' id='word_1_131' title='bbox 115 1332 162 1370; x_wconf 89' lang='lat' dir='ltr'><strong>nos</strong></span> <span class='ocrx_word' id='word_1_132' title='bbox 179 1320 300 1388; x_wconf 72' lang='lat' dir='ltr'><strong>oportett</strong></span> <span class='ocrx_word' id='word_1_133' title='bbox 335 1319 454 1388; x_wconf 87' lang='lat' dir='ltr'><strong>Cumque</strong></span> <span class='ocrx_word' id='word_1_134' title='bbox 472 1335 541 1372; x_wconf 89' lang='lat' dir='ltr'><strong>unus</strong></span> <span class='ocrx_word' id='word_1_135' title='bbox 559 1335 574 1369; x_wconf 92' lang='lat' dir='ltr'><strong>e</strong></span> <span class='ocrx_word' id='word_1_136' title='bbox 592 1317 820 1373; x_wconf 86' lang='lat' dir='ltr'><strong>circumstantium</strong></span> <span class='ocrx_word' id='word_1_137' title='bbox 839 1317 916 1372; x_wconf 89' lang='lat' dir='ltr'><strong>turba</strong></span> <span class='ocrx_word' id='word_1_138' title='bbox 932 1320 1022 1372; x_wconf 80' lang='lat' dir='ltr'><strong>excla-</strong></span> 
     </span>
     <span class='ocr_line' id='line_1_18' title="bbox 115 1386 1020 1459; baseline 0.004 -21"><span class='ocrx_word' id='word_1_139' title='bbox 115 1395 220 1458; x_wconf 64' lang='lat' dir='ltr'><strong>masset</strong></span> <span class='ocrx_word' id='word_1_140' title='bbox 240 1388 313 1441; x_wconf 87' lang='lat' dir='ltr'><strong>Bene</strong></span> <span class='ocrx_word' id='word_1_141' title='bbox 331 1388 432 1441; x_wconf 90' lang='lat' dir='ltr'><strong>meritis</strong></span> <span class='ocrx_word' id='word_1_142' title='bbox 449 1404 500 1440; x_wconf 92' lang='lat' dir='ltr'><strong>non</strong></span> <span class='ocrx_word' id='word_1_143' title='bbox 518 1386 652 1442; x_wconf 88' lang='lat' dir='ltr'><strong>insidiari:</strong></span> <span class='ocrx_word' id='word_1_144' title='bbox 672 1388 795 1458; x_wconf 82' lang='lat' dir='ltr'><strong>Philotas,</strong></span> <span class='ocrx_word' id='word_1_145' title='bbox 816 1391 905 1457; x_wconf 88' lang='lat' dir='ltr'><strong>Recte,</strong></span> <span class='ocrx_word' id='word_1_146' title='bbox 925 1388 1020 1459; x_wconf 90' lang='lat' dir='ltr'><strong>inquit,</strong></span> 
     </span>
     <span class='ocr_line' id='line_1_19' title="bbox 114 1450 1020 1528; baseline 0.006 -22"><span class='ocrx_word' id='word_1_147' title='bbox 114 1450 235 1524; x_wconf 72' lang='lat' dir='ltr'><strong>quisquis</strong></span> <span class='ocrx_word' id='word_1_148' title='bbox 258 1474 294 1527; x_wconf 85' lang='lat' dir='ltr'><strong>es,</strong></span> <span class='ocrx_word' id='word_1_149' title='bbox 314 1457 388 1509; x_wconf 89' lang='lat' dir='ltr'><strong>dicis.</strong></span> <span class='ocrx_word' id='word_1_150' title='bbox 425 1457 516 1525; x_wconf 88' lang='lat' dir='ltr'><strong>ltaque</strong></span> <span class='ocrx_word' id='word_1_151' title='bbox 542 1457 563 1508; x_wconf 91' lang='lat' dir='ltr'><strong>si</strong></span> <span class='ocrx_word' id='word_1_152' title='bbox 589 1455 727 1516; x_wconf 86' lang='lat' dir='ltr'><strong>insidiatus¹</strong></span> <span class='ocrx_word' id='word_1_153' title='bbox 749 1476 816 1528; x_wconf 90' lang='lat' dir='ltr'><strong>sum,</strong></span> <span class='ocrx_word' id='word_1_154' title='bbox 836 1475 949 1527; x_wconf 87' lang='lat' dir='ltr'><strong>poenam</strong></span> <span class='ocrx_word' id='word_1_155' title='bbox 968 1475 1020 1512; x_wconf 92' lang='lat' dir='ltr'><strong>non</strong></span> 
     </span>
     <span class='ocr_line' id='line_1_20' title="bbox 115 1523 1021 1597; baseline 0.008 -23"><span class='ocrx_word' id='word_1_156' title='bbox 115 1523 249 1594; x_wconf 87' lang='lat' dir='ltr'><strong>deprecor,</strong></span> <span class='ocrx_word' id='word_1_157' title='bbox 272 1536 300 1580; x_wconf 88' lang='lat' dir='ltr'><strong>et</strong></span> <span class='ocrx_word' id='word_1_158' title='bbox 325 1526 513 1579; x_wconf 83' lang='lat' dir='ltr'><strong>finemfacio·</strong></span> <span class='ocrx_word' id='word_1_159' title='bbox 532 1525 646 1590; x_wconf 78' lang='lat' dir='ltr'><strong>dicendi,</strong></span> <span class='ocrx_word' id='word_1_160' title='bbox 671 1529 795 1597; x_wconf 89' lang='lat' dir='ltr'><strong>quoniam</strong></span> <span class='ocrx_word' id='word_1_161' title='bbox 819 1528 913 1581; x_wconf 83' lang='lat' dir='ltr'><strong>ultima</strong></span> <span class='ocrx_word' id='word_1_162' title='bbox 936 1529 1021 1582; x_wconf 85' lang='lat' dir='ltr'><strong>verba</strong></span> 
     </span>
     <span class='ocr_line' id='line_1_21' title="bbox 113 1595 1022 1666; baseline 0.009 -23"><span class='ocrx_word' id='word_1_163' title='bbox 113 1595 204 1661; x_wconf 73' lang='lat' dir='ltr'><strong>gravia</strong></span> <span class='ocrx_word' id='word_1_164' title='bbox 220 1604 280 1648; x_wconf 90' lang='lat' dir='ltr'><strong>sunt</strong></span> <span class='ocrx_word' id='word_1_165' title='bbox 292 1595 350 1649; x_wconf 83' lang='lat' dir='ltr'><strong>visa</strong></span> <span class='ocrx_word' id='word_1_166' title='bbox 366 1595 483 1648; x_wconf 88' lang='lat' dir='ltr'><strong>auribus.</strong></span> <span class='ocrx_word' id='word_1_167' title='bbox 518 1595 667 1649; x_wconf 84' lang='lat' dir='ltr'><strong>Abducitur</strong></span> <span class='ocrx_word' id='word_1_168' title='bbox 684 1595 782 1651; x_wconf 87' lang='lat' dir='ltr'><strong>deinde</strong></span> <span class='ocrx_word' id='word_1_169' title='bbox 794 1598 829 1653; x_wconf 90' lang='lat' dir='ltr'><strong>ab</strong></span> <span class='ocrx_word' id='word_1_170' title='bbox 841 1598 889 1666; x_wconf 87' lang='lat' dir='ltr'><strong>his,</strong></span> <span class='ocrx_word' id='word_1_171' title='bbox 903 1599 947 1666; x_wconf 90' lang='lat' dir='ltr'><strong>qui</strong></span> <span class='ocrx_word' id='word_1_172' title='bbox 960 1615 1022 1651; x_wconf 87' lang='lat' dir='ltr'><strong>cus·</strong></span> 
     </span>
     <span class='ocr_line' id='line_1_22' title="bbox 114 1661 979 1729; baseline 0 -15"><span class='ocrx_word' id='word_1_173' title='bbox 114 1661 331 1718; x_wconf 87' lang='lat' dir='ltr'><strong>todisbanteum.</strong></span> <span class='ocrx_word' id='word_1_174' title='bbox 752 1717 755 1721; x_wconf 69' lang='grc'><strong><em>,</em></strong></span> <span class='ocrx_word' id='word_1_175' title='bbox 898 1726 900 1729; x_wconf 18' lang='lat'><strong>¹</strong></span> <span class='ocrx_word' id='word_1_176' title='bbox 975 1711 979 1714; x_wconf 84' lang='lat'>.</span> 
     </span>
     <span class='ocr_line' id='line_1_23' title="bbox 116 1734 1023 1806; baseline 0.008 -22"><span class='ocrx_word' id='word_1_177' title='bbox 116 1778 119 1796; x_wconf 31' lang='lat'>1</span> <span class='ocrx_word' id='word_1_178' title='bbox 147 1736 190 1786; x_wconf 82' lang='grc'><strong>41.</strong></span> <span class='ocrx_word' id='word_1_179' title='bbox 210 1734 274 1789; x_wconf 85' lang='lat' dir='ltr'><strong>Erat</strong></span> <span class='ocrx_word' id='word_1_180' title='bbox 293 1735 361 1788; x_wconf 90' lang='lat' dir='ltr'><strong>inter</strong></span> <span class='ocrx_word' id='word_1_181' title='bbox 379 1734 462 1788; x_wconf 87' lang='lat' dir='ltr'><strong>duces</strong></span> <span class='ocrx_word' id='word_1_182' title='bbox 482 1751 563 1788; x_wconf 90' lang='lat' dir='ltr'><strong>manu</strong></span> <span class='ocrx_word' id='word_1_183' title='bbox 583 1743 705 1790; x_wconf 88' lang='lat' dir='ltr'><strong>strenuus</strong></span> <span class='ocrx_word' id='word_1_184' title='bbox 725 1735 804 1789; x_wconf 85' lang='lat' dir='ltr'><strong>Boion</strong></span> <span class='ocrx_word' id='word_1_185' title='bbox 817 1734 932 1806; x_wconf 89' lang='lat' dir='ltr'><strong>quidam,</strong></span> <span class='ocrx_word' id='word_1_186' title='bbox 945 1737 1023 1806; x_wconf 85' lang='lat' dir='ltr'><strong>pacis</strong></span> 
     </span>
     <span class='ocr_line' id='line_1_24' title="bbox 112 1801 1021 1876; baseline 0.007 -22"><span class='ocrx_word' id='word_1_187' title='bbox 112 1801 208 1859; x_wconf 86' lang='lat' dir='ltr'><strong>artium</strong></span> <span class='ocrx_word' id='word_1_188' title='bbox 220 1813 248 1858; x_wconf 87' lang='lat' dir='ltr'><strong>st</strong></span> <span class='ocrx_word' id='word_1_189' title='bbox 259 1804 346 1858; x_wconf 85' lang='lat' dir='ltr'><strong>civilis</strong></span> <span class='ocrx_word' id='word_1_190' title='bbox 357 1803 473 1859; x_wconf 76' lang='lat' dir='ltr'><strong>babitus²</strong></span> <span class='ocrx_word' id='word_1_191' title='bbox 484 1804 563 1875; x_wconf 89' lang='lat' dir='ltr'><strong>rudis,</strong></span> <span class='ocrx_word' id='word_1_192' title='bbox 577 1815 653 1859; x_wconf 86' lang='lat' dir='ltr'><strong>vetus</strong></span> <span class='ocrx_word' id='word_1_193' title='bbox 665 1806 752 1876; x_wconf 90' lang='lat' dir='ltr'><strong>miles,</strong></span> <span class='ocrx_word' id='word_1_194' title='bbox 764 1805 799 1859; x_wconf 90' lang='lat' dir='ltr'><strong>ab</strong></span> <span class='ocrx_word' id='word_1_195' title='bbox 817 1805 910 1859; x_wconf 89' lang='lat' dir='ltr'><strong>humili</strong></span> <span class='ocrx_word' id='word_1_196' title='bbox 928 1805 1021 1860; x_wconf 88' lang='lat' dir='ltr'><strong>ordine</strong></span> 
     </span>
     <span class='ocr_line' id='line_1_25' title="bbox 112 1869 1022 1945; baseline 0.004 -21"><span class='ocrx_word' id='word_1_197' title='bbox 112 1869 147 1924; x_wconf 87' lang='lat' dir='ltr'><strong>ad</strong></span> <span class='ocrx_word' id='word_1_198' title='bbox 159 1890 221 1928; x_wconf 88' lang='lat' dir='ltr'><strong>euin</strong></span> <span class='ocrx_word' id='word_1_199' title='bbox 233 1875 353 1944; x_wconf 84' lang='lat' dir='ltr'><strong>gradum,</strong></span> <span class='ocrx_word' id='word_1_200' title='bbox 367 1871 393 1928; x_wconf 89' lang='lat' dir='ltr'><strong>in</strong></span> <span class='ocrx_word' id='word_1_201' title='bbox 410 1891 462 1943; x_wconf 90' lang='lat' dir='ltr'><strong>quo</strong></span> <span class='ocrx_word' id='word_1_202' title='bbox 480 1875 542 1928; x_wconf 83' lang='lat' dir='ltr'><strong>tunc</strong></span> <span class='ocrx_word' id='word_1_203' title='bbox 562 1884 624 1944; x_wconf 91' lang='lat' dir='ltr'><strong>erat,</strong></span> <span class='ocrx_word' id='word_1_204' title='bbox 638 1886 786 1945; x_wconf 89' lang='lat' dir='ltr'><strong>promotus:</strong></span> <span class='ocrx_word' id='word_1_205' title='bbox 806 1877 851 1945; x_wconf 91' lang='lat' dir='ltr'><strong>qui</strong></span> <span class='ocrx_word' id='word_1_206' title='bbox 871 1876 1022 1933; x_wconf 85' lang='lat' dir='ltr'><strong>tacentibus</strong></span> 
     </span>
     <span class='ocr_line' id='line_1_26' title="bbox 113 1943 1022 2015; baseline 0.004 -21"><span class='ocrx_word' id='word_1_207' title='bbox 113 1945 217 2014; x_wconf 85' lang='lat' dir='ltr'><strong>ceteris,</strong></span> <span class='ocrx_word' id='word_1_208' title='bbox 232 1943 327 1999; x_wconf 87' lang='lat' dir='ltr'><strong>stolida</strong></span> <span class='ocrx_word' id='word_1_209' title='bbox 338 1944 450 1997; x_wconf 89' lang='lat' dir='ltr'><strong>audacia</strong></span> <span class='ocrx_word' id='word_1_210' title='bbox 468 1943 549 2014; x_wconf 85' lang='lat' dir='ltr'><strong>ferox,</strong></span> <span class='ocrx_word' id='word_1_211' title='bbox 562 1944 705 1998; x_wconf 91' lang='lat' dir='ltr'><strong>admonere</strong></span> <span class='ocrx_word' id='word_1_212' title='bbox 724 1962 771 1997; x_wconf 91' lang='lat' dir='ltr'><strong>eos</strong></span> <span class='ocrx_word' id='word_1_213' title='bbox 788 1946 883 2015; x_wconf 89' lang='lat' dir='ltr'><strong>coepit,</strong></span> <span class='ocrx_word' id='word_1_214' title='bbox 895 1945 1022 2014; x_wconf 90' lang='lat' dir='ltr'><strong>quotiens</strong></span> 
     </span>
     <span class='ocr_line' id='line_1_27' title="bbox 112 2013 1020 2084; baseline 0.003 -20"><span class='ocrx_word' id='word_1_215' title='bbox 112 2013 167 2066; x_wconf 89' lang='lat' dir='ltr'><strong>suis</strong></span> <span class='ocrx_word' id='word_1_216' title='bbox 178 2015 290 2083; x_wconf 89' lang='lat' dir='ltr'><strong>quisque</strong></span> <span class='ocrx_word' id='word_1_217' title='bbox 303 2014 457 2083; x_wconf 83' lang='lat' dir='ltr'><strong>diversoriis,</strong></span> <span class='ocrx_word' id='word_1_218' title='bbox 471 2029 539 2081; x_wconf 86' lang='lat' dir='ltr'><strong>quae</strong></span> <span class='ocrx_word' id='word_1_219' title='bbox 550 2015 745 2083; x_wconf 66' lang='grc' dir='ltr'><strong>οιιιιιιραειειιιι,3</strong></span> <span class='ocrx_word' id='word_1_220' title='bbox 756 2015 923 2084; x_wconf 87' lang='lat' dir='ltr'><strong>proturbatus</strong></span> <span class='ocrx_word' id='word_1_221' title='bbox 938 2024 1020 2084; x_wconf 88' lang='lat' dir='ltr'><strong>esset,</strong></span> 
     </span>
     <span class='ocr_line' id='line_1_28' title="bbox 112 2082 1021 2153; baseline 0.001 -18"><span class='ocrx_word' id='word_1_222' title='bbox 112 2089 141 2135; x_wconf 87' lang='lat' dir='ltr'><strong>ut</strong></span> <span class='ocrx_word' id='word_1_223' title='bbox 163 2085 347 2152; x_wconf 82' lang='lat' dir='ltr'><strong>purgamenta⁴</strong></span> <span class='ocrx_word' id='word_1_224' title='bbox 368 2098 505 2137; x_wconf 88' lang='lat' dir='ltr'><strong>servorum</strong></span> <span class='ocrx_word' id='word_1_225' title='bbox 534 2082 654 2136; x_wconf 89' lang='lat' dir='ltr'><strong>Philotae</strong></span> <span class='ocrx_word' id='word_1_226' title='bbox 682 2085 860 2153; x_wconf 87' lang='lat' dir='ltr'><strong>reciperentur</strong></span> <span class='ocrx_word' id='word_1_227' title='bbox 884 2101 923 2152; x_wconf 88' lang='lat' dir='ltr'><strong>eo,</strong></span> <span class='ocrx_word' id='word_1_228' title='bbox 947 2085 1021 2136; x_wconf 90' lang='lat' dir='ltr'><strong>unde</strong></span> 
     </span>
    </p>
   </div>
   <div class='ocr_carea' id='block_1_3' title="bbox 111 2152 1022 2432">
    <p class='ocr_par' dir='ltr' id='par_1_3' title="bbox 111 2152 1022 2432">
     <span class='ocr_line' id='line_1_29' title="bbox 112 2152 1022 2222; baseline 0.001 -18"><span class='ocrx_word' id='word_1_229' title='bbox 112 2152 306 2205; x_wconf 83' lang='lat' dir='ltr'><strong>commilitones</strong></span> <span class='ocrx_word' id='word_1_230' title='bbox 332 2152 485 2222; x_wconf 78' lang='lat' dir='ltr'><strong>expulisset.</strong></span> <span class='ocrx_word' id='word_1_231' title='bbox 529 2155 600 2206; x_wconf 86' lang='lat' dir='ltr'><strong>Auro</strong></span> <span class='ocrx_word' id='word_1_232' title='bbox 630 2162 791 2222; x_wconf 86' lang='lat' dir='ltr'><strong>argentoque</strong></span> <span class='ocrx_word' id='word_1_233' title='bbox 815 2153 937 2207; x_wconf 83' lang='lat' dir='ltr'><strong>vehicula</strong></span> <span class='ocrx_word' id='word_1_234' title='bbox 960 2152 1022 2222; x_wconf 88' lang='lat' dir='ltr'><strong>ejus</strong></span> 
     </span>
     <span class='ocr_line' id='line_1_30' title="bbox 112 2221 1022 2291; baseline 0.001 -18"><span class='ocrx_word' id='word_1_235' title='bbox 112 2230 206 2274; x_wconf 89' lang='lat' dir='ltr'><strong>onusta</strong></span> <span class='ocrx_word' id='word_1_236' title='bbox 219 2222 280 2274; x_wconf 89' lang='lat' dir='ltr'><strong>totis</strong></span> <span class='ocrx_word' id='word_1_237' title='bbox 290 2221 358 2274; x_wconf 79' lang='lat' dir='ltr'><strong>vicis</strong></span> <span class='ocrx_word' id='word_1_238' title='bbox 369 2223 482 2291; x_wconf 87' lang='lat' dir='ltr'><strong>stetisse,</strong></span> <span class='ocrx_word' id='word_1_239' title='bbox 494 2238 527 2274; x_wconf 85' lang='lat' dir='ltr'><strong>ac</strong></span> <span class='ocrx_word' id='word_1_240' title='bbox 539 2238 572 2274; x_wconf 89' lang='lat' dir='ltr'><strong>rie</strong></span> <span class='ocrx_word' id='word_1_241' title='bbox 585 2223 611 2274; x_wconf 94' lang='lat' dir='ltr'><strong>in</strong></span> <span class='ocrx_word' id='word_1_242' title='bbox 624 2223 749 2275; x_wconf 89' lang='lat' dir='ltr'><strong>viciniam</strong></span> <span class='ocrx_word' id='word_1_243' title='bbox 761 2223 870 2291; x_wconf 89' lang='lat' dir='ltr'><strong>quidem</strong></span> <span class='ocrx_word' id='word_1_244' title='bbox 882 2223 1022 2275; x_wconf 89' lang='lat' dir='ltr'><strong>diversorii</strong></span> 
     </span>
     <span class='ocr_line' id='line_1_31' title="bbox 111 2291 1020 2362; baseline -0.002 -18"><span class='ocrx_word' id='word_1_245' title='bbox 111 2308 274 2361; x_wconf 88' lang='lat' dir='ltr'><strong>quemquam</strong></span> <span class='ocrx_word' id='word_1_246' title='bbox 286 2291 496 2344; x_wconf 85' lang='lat' dir='ltr'><strong>commilitonem</strong></span> <span class='ocrx_word' id='word_1_247' title='bbox 509 2299 645 2361; x_wconf 88' lang='lat' dir='ltr'><strong>receptum</strong></span> <span class='ocrx_word' id='word_1_248' title='bbox 658 2309 726 2362; x_wconf 87' lang='lat' dir='ltr'><strong>esse,</strong></span> <span class='ocrx_word' id='word_1_249' title='bbox 740 2291 786 2344; x_wconf 90' lang='lat' dir='ltr'><strong>sed</strong></span> <span class='ocrx_word' id='word_1_250' title='bbox 805 2306 852 2362; x_wconf 91' lang='lat' dir='ltr'><strong>per</strong></span> <span class='ocrx_word' id='word_1_251' title='bbox 869 2292 1020 2361; x_wconf 84' lang='lat' dir='ltr'><strong>dispositos,</strong></span> 
     </span>
     <span class='ocr_line' id='line_1_32' title="bbox 111 2359 1021 2432; baseline 0 -18"><span class='ocrx_word' id='word_1_252' title='bbox 111 2378 178 2430; x_wconf 90' lang='lat' dir='ltr'><strong>quos</strong></span> <span class='ocrx_word' id='word_1_253' title='bbox 200 2379 278 2432; x_wconf 89' lang='lat' dir='ltr'><strong>supra</strong></span> <span class='ocrx_word' id='word_1_254' title='bbox 302 2362 435 2414; x_wconf 89' lang='lat' dir='ltr'><strong>somnum⁵</strong></span> <span class='ocrx_word' id='word_1_255' title='bbox 452 2359 577 2430; x_wconf 89' lang='lat' dir='ltr'><strong>habebat,</strong></span> <span class='ocrx_word' id='word_1_256' title='bbox 597 2377 691 2415; x_wconf 89' lang='lat' dir='ltr'><strong>omnes</strong></span> <span class='ocrx_word' id='word_1_257' title='bbox 713 2360 802 2431; x_wconf 90' lang='lat' dir='ltr'><strong>procul</strong></span> <span class='ocrx_word' id='word_1_258' title='bbox 827 2360 965 2429; x_wconf 86' lang='lat' dir='ltr'><strong>relegatos,</strong></span> <span class='ocrx_word' id='word_1_259' title='bbox 985 2379 1021 2414; x_wconf 93' lang='lat' dir='ltr'><strong>ne</strong></span> 
     </span>
    </p>
   </div>
   <div class='ocr_carea' id='block_1_4' title="bbox 107 2486 1020 2844">
    <p class='ocr_par' dir='ltr' id='par_1_4' title="bbox 107 2486 1020 2844">
     <span class='ocr_line' id='line_1_33' title="bbox 140 2486 1020 2550; baseline 0 -11"><span class='ocrx_word' id='word_1_260' title='bbox 140 2490 212 2538; x_wconf 87' lang='lat' dir='ltr'><strong>¹The</strong></span> <span class='ocrx_word' id='word_1_261' title='bbox 229 2489 327 2550; x_wconf 89' lang='lat' dir='ltr'><strong>storyis</strong></span> <span class='ocrx_word' id='word_1_262' title='bbox 344 2488 435 2537; x_wconf 89' lang='lat' dir='ltr'><strong>related</strong></span> <span class='ocrx_word' id='word_1_263' title='bbox 452 2489 476 2537; x_wconf 89' lang='lat' dir='ltr'><strong>in</strong></span> <span class='ocrx_word' id='word_1_264' title='bbox 492 2486 634 2544; x_wconf 80' lang='lat' dir='ltr'><strong>iii.14‚and</strong></span> <span class='ocrx_word' id='word_1_265' title='bbox 650 2489 674 2537; x_wconf 92' lang='lat' dir='ltr'><strong>iri</strong></span> <span class='ocrx_word' id='word_1_266' title='bbox 689 2489 737 2537; x_wconf 87' lang='lat' dir='ltr'><strong>fact</strong></span> <span class='ocrx_word' id='word_1_267' title='bbox 754 2490 778 2537; x_wconf 90' lang='lat' dir='ltr'><strong>in</strong></span> <span class='ocrx_word' id='word_1_268' title='bbox 794 2490 845 2538; x_wconf 89' lang='lat' dir='ltr'><strong>that</strong></span> <span class='ocrx_word' id='word_1_269' title='bbox 856 2489 964 2548; x_wconf 79' lang='lat' dir='ltr'><strong>instance</strong></span> <span class='ocrx_word' id='word_1_270' title='bbox 976 2491 1020 2539; x_wconf 91' lang='lat' dir='ltr'><strong>the</strong></span> 
     </span>
     <span class='ocr_line' id='line_1_34' title="bbox 111 2547 1019 2610; baseline 0 -13"><span class='ocrx_word' id='word_1_271' title='bbox 111 2549 193 2610; x_wconf 83' lang='lat' dir='ltr'><strong>king’s</strong></span> <span class='ocrx_word' id='word_1_272' title='bbox 204 2547 327 2610; x_wconf 89' lang='lat' dir='ltr'><strong>disregard</strong></span> <span class='ocrx_word' id='word_1_273' title='bbox 338 2548 365 2596; x_wconf 90' lang='lat' dir='ltr'><strong>of</strong></span> <span class='ocrx_word' id='word_1_274' title='bbox 373 2548 523 2596; x_wconf 85' lang='lat' dir='ltr'><strong>Parmenio&#39;s</strong></span> <span class='ocrx_word' id='word_1_275' title='bbox 535 2548 686 2596; x_wconf 88' lang='lat' dir='ltr'><strong>information</strong></span> <span class='ocrx_word' id='word_1_276' title='bbox 697 2549 717 2596; x_wconf 90' lang='lat' dir='ltr'><strong>is</strong></span> <span class='ocrx_word' id='word_1_277' title='bbox 726 2565 784 2608; x_wconf 89' lang='lat' dir='ltr'><strong>very</strong></span> <span class='ocrx_word' id='word_1_278' title='bbox 795 2550 935 2609; x_wconf 86' lang='lat' dir='ltr'><strong>surprising.</strong></span> <span class='ocrx_word' id='word_1_279' title='bbox 962 2549 1019 2598; x_wconf 87' lang='lat' dir='ltr'><strong>The</strong></span> 
     </span>
     <span class='ocr_line' id='line_1_35' title="bbox 108 2607 1020 2676; baseline 0.002 -20"><span class='ocrx_word' id='word_1_280' title='bbox 108 2607 212 2676; x_wconf 77' lang='lat' dir='ltr'><strong>history,</strong></span> <span class='ocrx_word' id='word_1_281' title='bbox 226 2618 274 2665; x_wconf 85' lang='lat' dir='ltr'><strong>too,</strong></span> <span class='ocrx_word' id='word_1_282' title='bbox 287 2607 315 2656; x_wconf 89' lang='lat' dir='ltr'><strong>of</strong></span> <span class='ocrx_word' id='word_1_283' title='bbox 322 2607 363 2655; x_wconf 90' lang='lat' dir='ltr'><strong>the</strong></span> <span class='ocrx_word' id='word_1_284' title='bbox 374 2618 459 2655; x_wconf 88' lang='lat' dir='ltr'><strong>events</strong></span> <span class='ocrx_word' id='word_1_285' title='bbox 471 2609 582 2655; x_wconf 86' lang='lat' dir='ltr'><strong>between</strong></span> <span class='ocrx_word' id='word_1_286' title='bbox 593 2608 644 2655; x_wconf 88' lang='lat' dir='ltr'><strong>that</strong></span> <span class='ocrx_word' id='word_1_287' title='bbox 655 2607 738 2666; x_wconf 89' lang='lat' dir='ltr'><strong>period</strong></span> <span class='ocrx_word' id='word_1_288' title='bbox 747 2608 792 2656; x_wconf 90' lang='lat' dir='ltr'><strong>and</strong></span> <span class='ocrx_word' id='word_1_289' title='bbox 804 2609 844 2656; x_wconf 91' lang='lat' dir='ltr'><strong>the</strong></span> <span class='ocrx_word' id='word_1_290' title='bbox 872 2618 952 2656; x_wconf 88' lang='lat' dir='ltr'><strong>resent</strong></span> <span class='ocrx_word' id='word_1_291' title='bbox 964 2609 1020 2658; x_wconf 86' lang='lat' dir='ltr'><strong>trial</strong></span> 
     </span>
     <span class='ocr_line' id='line_1_36' title="bbox 111 2666 1018 2727; baseline 0.001 -13"><span class='ocrx_word' id='word_1_292' title='bbox 111 2666 139 2714; x_wconf 89' lang='lat' dir='ltr'><strong>of</strong></span> <span class='ocrx_word' id='word_1_293' title='bbox 151 2666 269 2723; x_wconf 86' lang='lat' dir='ltr'><strong>Philotas,</strong></span> <span class='ocrx_word' id='word_1_294' title='bbox 282 2666 326 2714; x_wconf 86' lang='lat' dir='ltr'><strong>has</strong></span> <span class='ocrx_word' id='word_1_295' title='bbox 336 2666 464 2726; x_wconf 87' lang='lat' dir='ltr'><strong>presented</strong></span> <span class='ocrx_word' id='word_1_296' title='bbox 475 2683 504 2714; x_wconf 90' lang='lat' dir='ltr'><strong>us</strong></span> <span class='ocrx_word' id='word_1_297' title='bbox 515 2667 574 2714; x_wconf 88' lang='lat' dir='ltr'><strong>with</strong></span> <span class='ocrx_word' id='word_1_298' title='bbox 586 2681 651 2714; x_wconf 89' lang='lat' dir='ltr'><strong>more</strong></span> <span class='ocrx_word' id='word_1_299' title='bbox 663 2667 721 2714; x_wconf 89' lang='lat' dir='ltr'><strong>than</strong></span> <span class='ocrx_word' id='word_1_300' title='bbox 732 2682 777 2715; x_wconf 89' lang='lat' dir='ltr'><strong>one</strong></span> <span class='ocrx_word' id='word_1_301' title='bbox 789 2683 846 2727; x_wconf 92' lang='lat' dir='ltr'><strong>proo</strong></span> <span class='ocrx_word' id='word_1_302' title='bbox 871 2668 899 2715; x_wconf 90' lang='lat' dir='ltr'><strong>of</strong></span> <span class='ocrx_word' id='word_1_303' title='bbox 911 2667 952 2714; x_wconf 90' lang='lat' dir='ltr'><strong>the</strong></span> <span class='ocrx_word' id='word_1_304' title='bbox 969 2667 1018 2716; x_wconf 89' lang='lat' dir='ltr'><strong>fact</strong></span> 
     </span>
     <span class='ocr_line' id='line_1_37' title="bbox 107 2724 1019 2785; baseline 0.004 -13"><span class='ocrx_word' id='word_1_305' title='bbox 107 2724 163 2772; x_wconf 85' lang='lat' dir='ltr'><strong>that</strong></span> <span class='ocrx_word' id='word_1_306' title='bbox 174 2725 314 2773; x_wconf 86' lang='lat' dir='ltr'><strong>Alexander</strong></span> <span class='ocrx_word' id='word_1_307' title='bbox 324 2731 387 2785; x_wconf 84' lang='lat' dir='ltr'><strong>gave</strong></span> <span class='ocrx_word' id='word_1_308' title='bbox 394 2740 452 2784; x_wconf 82' lang='lat' dir='ltr'><strong>very</strong></span> <span class='ocrx_word' id='word_1_309' title='bbox 461 2725 523 2773; x_wconf 87' lang='lat' dir='ltr'><strong>little</strong></span> <span class='ocrx_word' id='word_1_310' title='bbox 532 2726 622 2785; x_wconf 87' lang='lat' dir='ltr'><strong>weight</strong></span> <span class='ocrx_word' id='word_1_311' title='bbox 634 2736 659 2774; x_wconf 88' lang='lat' dir='ltr'><strong>to</strong></span> <span class='ocrx_word' id='word_1_312' title='bbox 669 2726 820 2775; x_wconf 87' lang='lat' dir='ltr'><strong>Parmenio&#39;s</strong></span> <span class='ocrx_word' id='word_1_313' title='bbox 831 2725 957 2781; x_wconf 87' lang='lat' dir='ltr'><strong>conusels;</strong></span> <span class='ocrx_word' id='word_1_314' title='bbox 971 2728 1019 2776; x_wconf 90' lang='lat' dir='ltr'><strong>and</strong></span> 
     </span>
     <span class='ocr_line' id='line_1_38' title="bbox 109 2783 986 2844; baseline 0 -11"><span class='ocrx_word' id='word_1_315' title='bbox 109 2784 197 2833; x_wconf 85' lang='lat' dir='ltr'><strong>indeed</strong></span> <span class='ocrx_word' id='word_1_316' title='bbox 208 2799 245 2831; x_wconf 89' lang='lat' dir='ltr'><strong>we</strong></span> <span class='ocrx_word' id='word_1_317' title='bbox 256 2799 297 2832; x_wconf 87' lang='lat' dir='ltr'><strong>see</strong></span> <span class='ocrx_word' id='word_1_318' title='bbox 308 2783 455 2844; x_wconf 86' lang='lat' dir='ltr'><strong>throughout</strong></span> <span class='ocrx_word' id='word_1_319' title='bbox 467 2785 518 2831; x_wconf 88' lang='lat' dir='ltr'><strong>tliiit</strong></span> <span class='ocrx_word' id='word_1_320' title='bbox 529 2785 560 2832; x_wconf 91' lang='lat' dir='ltr'><strong>he</strong></span> <span class='ocrx_word' id='word_1_321' title='bbox 571 2784 618 2833; x_wconf 89' lang='lat' dir='ltr'><strong>had</strong></span> <span class='ocrx_word' id='word_1_322' title='bbox 629 2800 659 2833; x_wconf 87' lang='lat' dir='ltr'><strong>an</strong></span> <span class='ocrx_word' id='word_1_323' title='bbox 670 2785 761 2833; x_wconf 85' lang='lat' dir='ltr'><strong>inward</strong></span> <span class='ocrx_word' id='word_1_324' title='bbox 772 2786 882 2833; x_wconf 83' lang='lat' dir='ltr'><strong>aversion</strong></span> <span class='ocrx_word' id='word_1_325' title='bbox 893 2785 986 2833; x_wconf 90' lang='lat' dir='ltr'><strong>tobim.</strong></span> 
     </span>
    </p>
   </div>
   <div class='ocr_carea' id='block_1_5' title="bbox 110 2857 1019 2978">
    <p class='ocr_par' dir='ltr' id='par_1_5' title="bbox 110 2857 1019 2978">
     <span class='ocr_line' id='line_1_39' title="bbox 138 2857 1019 2920; baseline 0.006 -15"><span class='ocrx_word' id='word_1_326' title='bbox 138 2857 231 2905; x_wconf 80' lang='lat' dir='ltr'><strong>’‘Civil</strong></span> <span class='ocrx_word' id='word_1_327' title='bbox 250 2857 310 2913; x_wconf 88' lang='lat' dir='ltr'><strong>(that</strong></span> <span class='ocrx_word' id='word_1_328' title='bbox 328 2858 357 2914; x_wconf 89' lang='lat' dir='ltr'><strong>is,</strong></span> <span class='ocrx_word' id='word_1_329' title='bbox 375 2858 494 2917; x_wconf 85' lang='lat' dir='ltr'><strong>polished)</strong></span> <span class='ocrx_word' id='word_1_330' title='bbox 511 2860 642 2916; x_wconf 85' lang='lat' dir='ltr'><strong>manners,’</strong></span> <span class='ocrx_word' id='word_1_331' title='bbox 662 2875 688 2908; x_wconf 87' lang='lat' dir='ltr'><strong>as</strong></span> <span class='ocrx_word' id='word_1_332' title='bbox 705 2859 881 2920; x_wconf 74' lang='lat' dir='ltr'><strong>distinguished</strong></span> <span class='ocrx_word' id='word_1_333' title='bbox 898 2860 959 2909; x_wconf 91' lang='lat' dir='ltr'><strong>from</strong></span> <span class='ocrx_word' id='word_1_334' title='bbox 975 2861 1019 2911; x_wconf 88' lang='lat' dir='ltr'><strong>the</strong></span> 
     </span>
     <span class='ocr_line' id='line_1_40' title="bbox 110 2916 520 2978; baseline 0 -12"><span class='ocrx_word' id='word_1_335' title='bbox 110 2917 196 2978; x_wconf 84' lang='lat' dir='ltr'><strong>rough,</strong></span> <span class='ocrx_word' id='word_1_336' title='bbox 209 2916 277 2964; x_wconf 89' lang='lat' dir='ltr'><strong>blunt</strong></span> <span class='ocrx_word' id='word_1_337' title='bbox 288 2932 355 2976; x_wconf 84' lang='lat' dir='ltr'><strong>ways</strong></span> <span class='ocrx_word' id='word_1_338' title='bbox 366 2917 393 2964; x_wconf 91' lang='lat' dir='ltr'><strong>of</strong></span> <span class='ocrx_word' id='word_1_339' title='bbox 400 2933 415 2964; x_wconf 89' lang='lat' dir='ltr'><strong>a</strong></span> <span class='ocrx_word' id='word_1_340' title='bbox 424 2918 520 2966; x_wconf 88' lang='lat' dir='ltr'><strong>soldier.</strong></span> 
     </span>
    </p>
   </div>
   <div class='ocr_carea' id='block_1_6' title="bbox 108 2989 1018 3476">
    <p class='ocr_par' dir='ltr' id='par_1_6' title="bbox 109 2989 1017 3163">
     <span class='ocr_line' id='line_1_41' title="bbox 111 2989 1016 3100; baseline 0.008 -64"><span class='ocrx_word' id='word_1_341' title='bbox 111 3050 116 3059; x_wconf 42' lang='grc' dir='ltr'>Ι</span> <span class='ocrx_word' id='word_1_342' title='bbox 138 2989 225 3037; x_wconf 81' lang='lat' dir='ltr'><strong>³th</strong></span> <span class='ocrx_word' id='word_1_343' title='bbox 236 2991 335 3050; x_wconf 67' lang='lat' dir='ltr'><strong>qouque</strong></span> <span class='ocrx_word' id='word_1_344' title='bbox 345 2989 386 3037; x_wconf 89' lang='lat' dir='ltr'><strong>the</strong></span> <span class='ocrx_word' id='word_1_345' title='bbox 397 2991 490 3060; x_wconf 79' lang='lat' dir='ltr'><strong>veihin</strong></span> <span class='ocrx_word' id='word_1_346' title='bbox 500 2991 654 3061; x_wconf 83' lang='lat' dir='ltr'><strong>subordinate</strong></span> <span class='ocrx_word' id='word_1_347' title='bbox 665 2991 759 3040; x_wconf 86' lang='lat' dir='ltr'><strong>clauses</strong></span> <span class='ocrx_word' id='word_1_348' title='bbox 776 2993 797 3041; x_wconf 88' lang='lat' dir='ltr'><strong>is</strong></span> <span class='ocrx_word' id='word_1_349' title='bbox 809 2992 955 3061; x_wconf 39' lang='lat' dir='ltr'><strong>,sometimes</strong></span> <span class='ocrx_word' id='word_1_350' title='bbox 972 3006 1016 3100; x_wconf 89' lang='lat' dir='ltr'><strong>put</strong></span> 
     </span>
     <span class='ocr_line' id='line_1_42' title="bbox 109 3046 1017 3113; baseline 0.003 -15"><span class='ocrx_word' id='word_1_351' title='bbox 109 3065 134 3098; x_wconf 89' lang='lat' dir='ltr'><strong>in</strong></span> <span class='ocrx_word' id='word_1_352' title='bbox 145 3049 186 3097; x_wconf 87' lang='lat' dir='ltr'><strong>the</strong></span> <span class='ocrx_word' id='word_1_353' title='bbox 197 3046 282 3108; x_wconf 87' lang='lat' dir='ltr'><strong>plural,</strong></span> <span class='ocrx_word' id='word_1_354' title='bbox 296 3048 367 3096; x_wconf 83' lang='lat' dir='ltr'><strong>when</strong></span> <span class='ocrx_word' id='word_1_355' title='bbox 383 3049 434 3098; x_wconf 88' lang='lat' dir='ltr'><strong>that</strong></span> <span class='ocrx_word' id='word_1_356' title='bbox 454 3066 478 3098; x_wconf 90' lang='lat' dir='ltr'><strong>in</strong></span> <span class='ocrx_word' id='word_1_357' title='bbox 496 3050 537 3099; x_wconf 88' lang='lat' dir='ltr'><strong>the</strong></span> <span class='ocrx_word' id='word_1_358' title='bbox 557 3051 652 3112; x_wconf 81' lang='lat' dir='ltr'><strong>leading</strong></span> <span class='ocrx_word' id='word_1_359' title='bbox 671 3051 752 3100; x_wconf 85' lang='lat' dir='ltr'><strong>clause</strong></span> <span class='ocrx_word' id='word_1_360' title='bbox 771 3052 792 3100; x_wconf 87' lang='lat' dir='ltr'><strong>is</strong></span> <span class='ocrx_word' id='word_1_361' title='bbox 808 3067 833 3099; x_wconf 93' lang='lat' dir='ltr'><strong>in</strong></span> <span class='ocrx_word' id='word_1_362' title='bbox 843 3052 884 3100; x_wconf 87' lang='lat' dir='ltr'><strong>the</strong></span> <span class='ocrx_word' id='word_1_363' title='bbox 900 3053 970 3113; x_wconf 85' lang='lat' dir='ltr'><strong>singu</strong></span> <span class='ocrx_word' id='word_1_364' title='bbox 981 3069 1017 3103; x_wconf 83' lang='lat' dir='ltr'><strong>ur.</strong></span> 
     </span>
     <span class='ocr_line' id='line_1_43' title="bbox 110 3107 442 3163; baseline -0.003 -6"><span class='ocrx_word' id='word_1_365' title='bbox 110 3109 158 3157; x_wconf 87' lang='lat' dir='ltr'><strong>See</strong></span> <span class='ocrx_word' id='word_1_366' title='bbox 172 3108 251 3156; x_wconf 80' lang='lat' dir='ltr'><strong>Graiu.</strong></span> <span class='ocrx_word' id='word_1_367' title='bbox 263 3107 277 3158; x_wconf 75' lang='lat' dir='ltr'><strong>f</strong></span> <span class='ocrx_word' id='word_1_368' title='bbox 288 3110 340 3163; x_wconf 74' lang='lat'><strong>242,</strong></span> <span class='ocrx_word' id='word_1_369' title='bbox 353 3118 409 3156; x_wconf 89' lang='lat' dir='ltr'><strong>note</strong></span> <span class='ocrx_word' id='word_1_370' title='bbox 422 3112 442 3156; x_wconf 93' lang='lat'><strong>1.</strong></span> 
     </span>
    </p>

    <p class='ocr_par' dir='ltr' id='par_1_7' title="bbox 108 3169 1018 3281">
     <span class='ocr_line' id='line_1_44' title="bbox 126 3169 1018 3280; baseline 0.006 -60"><span class='ocrx_word' id='word_1_371' title='bbox 126 3171 225 3280; x_wconf 35' lang='lat' dir='ltr'><strong>&#39;ft&#39;l&#39;hle</strong></span> <span class='ocrx_word' id='word_1_372' title='bbox 241 3169 418 3230; x_wconf 86' lang='lat' dir='ltr'><strong>offscouringi‚’</strong></span> <span class='ocrx_word' id='word_1_373' title='bbox 437 3187 451 3219; x_wconf 89' lang='lat' dir='ltr'><strong>a</strong></span> <span class='ocrx_word' id='word_1_374' title='bbox 466 3182 549 3234; x_wconf 85' lang='lat' dir='ltr'><strong>strong</strong></span> <span class='ocrx_word' id='word_1_375' title='bbox 563 3173 704 3234; x_wconf 81' lang='lat' dir='ltr'><strong>expression</strong></span> <span class='ocrx_word' id='word_1_376' title='bbox 719 3173 755 3222; x_wconf 91' lang='lat' dir='ltr'><strong>for</strong></span> <span class='ocrx_word' id='word_1_377' title='bbox 776 3173 817 3222; x_wconf 89' lang='lat' dir='ltr'><strong>tlie</strong></span> <span class='ocrx_word' id='word_1_378' title='bbox 838 3183 947 3223; x_wconf 88' lang='lat' dir='ltr'><strong>meanest</strong></span> <span class='ocrx_word' id='word_1_379' title='bbox 969 3177 1018 3226; x_wconf 86' lang='lat' dir='ltr'><strong>and</strong></span> 
     </span>
     <span class='ocr_line' id='line_1_45' title="bbox 108 3239 262 3281; baseline -0.019 -1"><span class='ocrx_word' id='word_1_380' title='bbox 108 3248 133 3281; x_wconf 84' lang='lat' dir='ltr'><strong>ii</strong></span> <span class='ocrx_word' id='word_1_381' title='bbox 141 3239 181 3280; x_wconf 86' lang='lat' dir='ltr'><strong>est</strong></span> <span class='ocrx_word' id='word_1_382' title='bbox 191 3247 204 3279; x_wconf 87' lang='lat' dir='ltr'><strong>c</strong></span> <span class='ocrx_word' id='word_1_383' title='bbox 215 3245 262 3279; x_wconf 88' lang='lat' dir='ltr'><strong>ass.</strong></span> 
     </span>
    </p>

    <p class='ocr_par' dir='ltr' id='par_1_8' title="bbox 138 3293 1017 3358">
     <span class='ocr_line' id='line_1_46' title="bbox 138 3293 1017 3358; baseline 0.005 -14"><span class='ocrx_word' id='word_1_384' title='bbox 138 3293 421 3358; x_wconf 62' lang='lat' dir='ltr'><strong>&#39;depraendaiipertsee</strong></span> <span class='ocrx_word' id='word_1_385' title='bbox 428 3295 459 3343; x_wconf 88' lang='lat' dir='ltr'><strong>vi.</strong></span> <span class='ocrx_word' id='word_1_386' title='bbox 467 3299 513 3352; x_wconf 79' lang='lat'><strong>26),</strong></span> <span class='ocrx_word' id='word_1_387' title='bbox 524 3296 584 3346; x_wconf 87' lang='lat' dir='ltr'><strong>used</strong></span> <span class='ocrx_word' id='word_1_388' title='bbox 592 3297 617 3345; x_wconf 90' lang='lat' dir='ltr'><strong>in</strong></span> <span class='ocrx_word' id='word_1_389' title='bbox 625 3297 747 3346; x_wconf 87' lang='lat' dir='ltr'><strong>reference</strong></span> <span class='ocrx_word' id='word_1_390' title='bbox 754 3307 779 3346; x_wconf 89' lang='lat' dir='ltr'><strong>to</strong></span> <span class='ocrx_word' id='word_1_391' title='bbox 786 3297 881 3348; x_wconf 89' lang='lat' dir='ltr'><strong>officers</strong></span> <span class='ocrx_word' id='word_1_392' title='bbox 887 3298 1017 3358; x_wconf 87' lang='lat' dir='ltr'><strong>appointed</strong></span> 
     </span>
    </p>

    <p class='ocr_par' dir='ltr' id='par_1_9' title="bbox 108 3353 1016 3476">
     <span class='ocr_line' id='line_1_47' title="bbox 108 3353 1016 3422; baseline 0.003 -18"><span class='ocrx_word' id='word_1_393' title='bbox 108 3370 165 3404; x_wconf 84' lang='lat' dir='ltr'><strong>orer</strong></span> <span class='ocrx_word' id='word_1_394' title='bbox 176 3353 335 3422; x_wconf 74' lang='lat' dir='ltr'><strong>something3</strong></span> <span class='ocrx_word' id='word_1_395' title='bbox 352 3353 472 3422; x_wconf 78' lang='lat' dir='ltr'><strong>therefore</strong></span> <span class='ocrx_word' id='word_1_396' title='bbox 488 3357 530 3416; x_wconf 82' lang='lat' dir='ltr'><strong>qai</strong></span> <span class='ocrx_word' id='word_1_397' title='bbox 549 3356 648 3407; x_wconf 83' lang='lat' dir='ltr'><strong>Caesari</strong></span> <span class='ocrx_word' id='word_1_398' title='bbox 664 3366 698 3407; x_wconf 83' lang='lat' dir='ltr'><strong>est</strong></span> <span class='ocrx_word' id='word_1_399' title='bbox 713 3373 787 3419; x_wconf 75' lang='lat' dir='ltr'><strong>capra</strong></span> <span class='ocrx_word' id='word_1_400' title='bbox 801 3361 887 3416; x_wconf 79' lang='lat' dir='ltr'><strong>tortor,</strong></span> <span class='ocrx_word' id='word_1_401' title='bbox 905 3358 1016 3418; x_wconf 86' lang='lat' dir='ltr'><strong>superin-</strong></span> 
     </span>
     <span class='ocr_line' id='line_1_48' title="bbox 108 3412 539 3476; baseline 0.005 -14"><span class='ocrx_word' id='word_1_402' title='bbox 108 3414 206 3463; x_wconf 80' lang='lat' dir='ltr'><strong>tendant</strong></span> <span class='ocrx_word' id='word_1_403' title='bbox 217 3412 246 3463; x_wconf 69' lang='grc' dir='ltr'><strong>οἱ</strong></span> <span class='ocrx_word' id='word_1_404' title='bbox 256 3412 299 3462; x_wconf 87' lang='lat' dir='ltr'><strong>tho</strong></span> <span class='ocrx_word' id='word_1_405' title='bbox 309 3412 418 3474; x_wconf 81' lang='lat' dir='ltr'><strong>imperial</strong></span> <span class='ocrx_word' id='word_1_406' title='bbox 427 3413 539 3476; x_wconf 80' lang='lat' dir='ltr'><strong>gardam.</strong></span> 
     </span>
    </p>
   </div>
   <div class='ocr_carea' id='block_1_7' title="bbox 0 0 1142 3772">
    <p class='ocr_par' dir='ltr' id='par_1_10' title="bbox 0 0 1142 3772">
     <span class='ocr_line' id='line_1_49' title="bbox 0 0 1142 3772; baseline 0 2"><span class='ocrx_word' id='word_1_407' title='bbox 0 0 1142 3772; x_wconf 95' lang='lat' dir='ltr'><strong> </strong></span> 
     </span>
    </p>
   </div>
  </div>
 </body>
</html>
