<?xml version="1.0" encoding="UTF-8"?>
<!DOCTYPE html PUBLIC "-//W3C//DTD XHTML 1.0 Transitional//EN"
    "http://www.w3.org/TR/xhtml1/DTD/xhtml1-transitional.dtd">
<html xmlns="http://www.w3.org/1999/xhtml" xml:lang="en" lang="en">
 <head>
  <title>
</title>
<meta http-equiv="Content-Type" content="text/html;charset=utf-8" />
  <meta name='ocr-system' content='tesseract 3.04.00' />
  <meta name='ocr-capabilities' content='ocr_page ocr_carea ocr_par ocr_line ocrx_word'/>
</head>
<body>
  <div class='ocr_page' id='page_1' title='image "./degestisalexand00rufugoog_0103.png"; bbox 0 0 2274 3772; ppageno 0'>
   <div class='ocr_carea' id='block_1_1' title="bbox 112 146 752 204">
    <p class='ocr_par' dir='ltr' id='par_1_1' title="bbox 112 146 752 204">
     <span class='ocr_line' id='line_1_1' title="bbox 112 146 752 204; baseline -0.009 0"><span class='ocrx_word' id='word_1_1' title='bbox 112 146 151 204; x_wconf 86' lang='grc'><strong>90</strong></span> <span class='ocrx_word' id='word_1_2' title='bbox 376 162 416 202; x_wconf 82' lang='lat' dir='ltr'><strong>us</strong></span> <span class='ocrx_word' id='word_1_3' title='bbox 439 162 545 203; x_wconf 82' lang='lat' dir='ltr'><strong>cesrrs</strong></span> <span class='ocrx_word' id='word_1_4' title='bbox 567 160 752 202; x_wconf 76' lang='lat' dir='ltr'><strong>ssexsrruar.</strong></span> 
     </span>
    </p>
   </div>
   <div class='ocr_carea' id='block_1_2' title="bbox 109 266 1025 2905">
    <p class='ocr_par' dir='ltr' id='par_1_2' title="bbox 111 266 1020 688">
     <span class='ocr_line' id='line_1_2' title="bbox 111 266 1020 389; baseline -0.004 -64"><span class='ocrx_word' id='word_1_5' title='bbox 111 271 205 338; x_wconf 83' lang='lat' dir='ltr'><strong>fronte,</strong></span> <span class='ocrx_word' id='word_1_6' title='bbox 228 278 258 325; x_wconf 96' lang='lat' dir='ltr'><strong>ut</strong></span> <span class='ocrx_word' id='word_1_7' title='bbox 280 280 361 324; x_wconf 84' lang='lat' dir='ltr'><strong>totam</strong></span> <span class='ocrx_word' id='word_1_8' title='bbox 385 271 472 325; x_wconf 87' lang='lat' dir='ltr'><strong>eciem</strong></span> <span class='ocrx_word' id='word_1_9' title='bbox 495 270 569 324; x_wconf 91' lang='lat' dir='ltr'><strong>orbe¹</strong></span> <span class='ocrx_word' id='word_1_10' title='bbox 592 269 716 324; x_wconf 77' lang='lat' dir='ltr'><strong>muniret,</strong></span> <span class='ocrx_word' id='word_1_11' title='bbox 760 266 843 340; x_wconf 85' lang='lat' dir='ltr'><strong>Illyrii</strong></span> <span class='ocrx_word' id='word_1_12' title='bbox 863 268 912 323; x_wconf 91' lang='lat' dir='ltr'><strong>hic</strong></span> <span class='ocrx_word' id='word_1_13' title='bbox 935 274 1020 389; x_wconf 86' lang='lat' dir='ltr'><strong>eraut,</strong></span> 
     </span>
     <span class='ocr_line' id='line_1_3' title="bbox 111 338 1011 421; baseline -0.003 -27"><span class='ocrx_word' id='word_1_14' title='bbox 111 340 236 421; x_wconf 82' lang='lat' dir='ltr'><strong>adjuncto</strong></span> <span class='ocrx_word' id='word_1_15' title='bbox 253 341 340 394; x_wconf 85' lang='lat' dir='ltr'><strong>milite</strong></span> <span class='ocrx_word' id='word_1_16' title='bbox 358 340 482 393; x_wconf 82' lang='lat' dir='ltr'><strong>mercede</strong></span> <span class='ocrx_word' id='word_1_17' title='bbox 505 339 642 392; x_wconf 89' lang='lat' dir='ltr'><strong>conducto.</strong></span> <span class='ocrx_word' id='word_1_18' title='bbox 678 338 796 391; x_wconf 81' lang='lat' dir='ltr'>Thracas</span> <span class='ocrx_word' id='word_1_19' title='bbox 813 354 920 408; x_wconf 90' lang='lat' dir='ltr'><strong>quoque</strong></span> <span class='ocrx_word' id='word_1_20' title='bbox 939 338 1011 391; x_wconf 88' lang='lat' dir='ltr'><strong>sim&#39;u</strong></span> 
     </span>
     <span class='ocr_line' id='line_1_4' title="bbox 111 404 1020 480; baseline -0.001 -18"><span class='ocrx_word' id='word_1_21' title='bbox 111 410 245 480; x_wconf 71' lang='lat' dir='ltr'><strong>objecerat</strong></span> <span class='ocrx_word' id='word_1_22' title='bbox 274 410 367 462; x_wconf 83' lang='lat' dir='ltr'><strong>leviter</strong></span> <span class='ocrx_word' id='word_1_23' title='bbox 395 420 519 463; x_wconf 87' lang='lat' dir='ltr'><strong>armatos.</strong></span> <span class='ocrx_word' id='word_1_24' title='bbox 562 409 691 479; x_wconf 86' lang='lat' dir='ltr'><strong>Adeoque</strong></span> <span class='ocrx_word' id='word_1_25' title='bbox 722 408 811 461; x_wconf 80' lang='lat' dir='ltr'><strong>aciem</strong></span> <span class='ocrx_word' id='word_1_26' title='bbox 843 404 1020 461; x_wconf 79' lang='lat' dir='ltr'><strong>versabilem’</strong></span> 
     </span>
     <span class='ocr_line' id='line_1_5' title="bbox 112 476 1019 549; baseline -0.003 -17"><span class='ocrx_word' id='word_1_27' title='bbox 112 480 206 548; x_wconf 85' lang='lat' dir='ltr'><strong>posuit,</strong></span> <span class='ocrx_word' id='word_1_28' title='bbox 218 489 256 549; x_wconf 90' lang='lat' dir='ltr'><strong>ut,</strong></span> <span class='ocrx_word' id='word_1_29' title='bbox 268 479 314 548; x_wconf 90' lang='lat' dir='ltr'><strong>qui</strong></span> <span class='ocrx_word' id='word_1_30' title='bbox 326 479 411 532; x_wconf 89' lang='lat' dir='ltr'><strong>ultimi</strong></span> <span class='ocrx_word' id='word_1_31' title='bbox 426 479 538 548; x_wconf 88' lang='lat' dir='ltr'><strong>stabant,</strong></span> <span class='ocrx_word' id='word_1_32' title='bbox 551 495 585 532; x_wconf 92' lang='lat' dir='ltr'><strong>ne</strong></span> <span class='ocrx_word' id='word_1_33' title='bbox 605 478 812 546; x_wconf 78' lang='lat' dir='ltr'><strong>circumirentur,</strong></span> <span class='ocrx_word' id='word_1_34' title='bbox 827 476 895 529; x_wconf 82' lang='lat' dir='ltr'><strong>verti</strong></span> <span class='ocrx_word' id='word_1_35' title='bbox 916 484 1019 547; x_wconf 89' lang='lat' dir='ltr'><strong>temen,</strong></span> 
     </span>
     <span class='ocr_line' id='line_1_6' title="bbox 111 546 1020 618; baseline 0.001 -18"><span class='ocrx_word' id='word_1_36' title='bbox 111 558 138 600; x_wconf 96' lang='lat' dir='ltr'><strong>et</strong></span> <span class='ocrx_word' id='word_1_37' title='bbox 157 549 182 601; x_wconf 93' lang='lat' dir='ltr'><strong>in</strong></span> <span class='ocrx_word' id='word_1_38' title='bbox 203 549 316 602; x_wconf 88' lang='lat' dir='ltr'><strong>frontem</strong></span> <span class='ocrx_word' id='word_1_39' title='bbox 335 548 479 616; x_wconf 84' lang='lat' dir='ltr'><strong>circumagi</strong></span> <span class='ocrx_word' id='word_1_40' title='bbox 500 556 614 618; x_wconf 90' lang='lat' dir='ltr'><strong>possent.</strong></span> <span class='ocrx_word' id='word_1_41' title='bbox 651 548 744 615; x_wconf 86' lang='lat' dir='ltr'><strong>Itaque</strong></span> <span class='ocrx_word' id='word_1_42' title='bbox 763 563 813 600; x_wconf 92' lang='lat' dir='ltr'><strong>non</strong></span> <span class='ocrx_word' id='word_1_43' title='bbox 826 546 922 617; x_wconf 88' lang='lat' dir='ltr'><strong>prima,</strong></span> <span class='ocrx_word' id='word_1_44' title='bbox 936 562 1020 615; x_wconf 84' lang='lat' dir='ltr'><strong>quam</strong></span> 
     </span>
     <span class='ocr_line' id='line_1_7' title="bbox 111 617 796 688; baseline -0.001 -19"><span class='ocrx_word' id='word_1_45' title='bbox 111 618 201 688; x_wconf 85' lang='lat' dir='ltr'><strong>latera,</strong></span> <span class='ocrx_word' id='word_1_46' title='bbox 214 635 265 671; x_wconf 91' lang='lat' dir='ltr'><strong>uon</strong></span> <span class='ocrx_word' id='word_1_47' title='bbox 277 617 360 670; x_wconf 87' lang='lat' dir='ltr'><strong>latera</strong></span> <span class='ocrx_word' id='word_1_48' title='bbox 372 617 512 670; x_wconf 77' lang='lat' dir='ltr'><strong>munitiora</strong></span> <span class='ocrx_word' id='word_1_49' title='bbox 523 617 606 684; x_wconf 91' lang='lat' dir='ltr'><strong>fuere,</strong></span> <span class='ocrx_word' id='word_1_50' title='bbox 619 633 700 686; x_wconf 86' lang='lat' dir='ltr'><strong>quam</strong></span> <span class='ocrx_word' id='word_1_51' title='bbox 714 626 796 685; x_wconf 89' lang='lat' dir='ltr'><strong>terga.</strong></span> 
     </span>
    </p>

    <p class='ocr_par' dir='ltr' id='par_1_3' title="bbox 109 684 1025 2006">
     <span class='ocr_line' id='line_1_8' title="bbox 146 684 1021 757; baseline -0.001 -17"><span class='ocrx_word' id='word_1_52' title='bbox 146 693 188 740; x_wconf 85' lang='lat'><strong>51.</strong></span> <span class='ocrx_word' id='word_1_53' title='bbox 206 687 255 740; x_wconf 90' lang='lat' dir='ltr'><strong>His</strong></span> <span class='ocrx_word' id='word_1_54' title='bbox 273 686 310 740; x_wconf 88' lang='lat' dir='ltr'><strong>ita</strong></span> <span class='ocrx_word' id='word_1_55' title='bbox 329 686 461 755; x_wconf 84' lang='lat' dir='ltr'><strong>ordinatis,</strong></span> <span class='ocrx_word' id='word_1_56' title='bbox 473 686 608 757; x_wconf 84' lang='lat' dir='ltr'><strong>praecipit,</strong></span> <span class='ocrx_word' id='word_1_57' title='bbox 621 695 658 757; x_wconf 90' lang='lat' dir='ltr'><strong>ut,</strong></span> <span class='ocrx_word' id='word_1_58' title='bbox 672 686 694 737; x_wconf 89' lang='lat' dir='ltr'><strong>si</strong></span> <span class='ocrx_word' id='word_1_59' title='bbox 713 684 825 738; x_wconf 87' lang='lat' dir='ltr'><strong>falcatos</strong></span> <span class='ocrx_word' id='word_1_60' title='bbox 844 701 938 737; x_wconf 88' lang='lat' dir='ltr'><strong>currus</strong></span> <span class='ocrx_word' id='word_1_61' title='bbox 955 701 1021 739; x_wconf 89' lang='lat' dir='ltr'><strong>curu</strong></span> 
     </span>
     <span class='ocr_line' id='line_1_9' title="bbox 110 753 1021 826; baseline -0.001 -17"><span class='ocrx_word' id='word_1_62' title='bbox 110 756 219 810; x_wconf 80' lang='lat' dir='ltr'><strong>fremitu</strong></span> <span class='ocrx_word' id='word_1_63' title='bbox 244 757 347 810; x_wconf 82' lang='lat' dir='ltr'><strong>barbari</strong></span> <span class='ocrx_word' id='word_1_64' title='bbox 365 756 524 826; x_wconf 85' lang='lat' dir='ltr'><strong>emitterent,</strong></span> <span class='ocrx_word' id='word_1_65' title='bbox 542 756 592 825; x_wconf 92' lang='lat' dir='ltr'><strong>ipsi</strong></span> <span class='ocrx_word' id='word_1_66' title='bbox 610 755 706 809; x_wconf 86' lang='lat' dir='ltr'><strong>laxatis</strong></span> <span class='ocrx_word' id='word_1_67' title='bbox 725 754 862 807; x_wconf 81' lang='lat' dir='ltr'><strong>ordinibus</strong></span> <span class='ocrx_word' id='word_1_68' title='bbox 885 753 1021 824; x_wconf 89' lang='lat' dir='ltr'><strong>impetum</strong></span> 
     </span>
     <span class='ocr_line' id='line_1_10' title="bbox 111 822 1022 895; baseline -0.002 -16"><span class='ocrx_word' id='word_1_69' title='bbox 111 826 301 879; x_wconf 89' lang='lat' dir='ltr'><strong>incurrentium</strong></span> <span class='ocrx_word' id='word_1_70' title='bbox 328 825 432 879; x_wconf 88' lang='lat' dir='ltr'><strong>silentio</strong></span> <span class='ocrx_word' id='word_1_71' title='bbox 455 826 616 895; x_wconf 82' lang='lat' dir='ltr'><strong>exciperent,</strong></span> <span class='ocrx_word' id='word_1_72' title='bbox 641 823 712 878; x_wconf 87' lang='lat' dir='ltr'><strong>haud</strong></span> <span class='ocrx_word' id='word_1_73' title='bbox 735 823 833 878; x_wconf 90' lang='lat' dir='ltr'><strong>dubius</strong></span> <span class='ocrx_word' id='word_1_74' title='bbox 861 822 922 876; x_wconf 90' lang='lat' dir='ltr'><strong>sine</strong></span> <span class='ocrx_word' id='word_1_75' title='bbox 952 840 1022 877; x_wconf 85' lang='lat' dir='ltr'><strong>noxa</strong></span> 
     </span>
     <span class='ocr_line' id='line_1_11' title="bbox 111 892 1022 965; baseline -0.001 -17"><span class='ocrx_word' id='word_1_76' title='bbox 111 904 311 965; x_wconf 86' lang='lat' dir='ltr'><strong>trauseursuros,</strong></span> <span class='ocrx_word' id='word_1_77' title='bbox 325 896 347 948; x_wconf 90' lang='lat' dir='ltr'><strong>si</strong></span> <span class='ocrx_word' id='word_1_78' title='bbox 359 912 437 948; x_wconf 92' lang='lat' dir='ltr'><strong>nemo</strong></span> <span class='ocrx_word' id='word_1_79' title='bbox 449 912 479 947; x_wconf 89' lang='lat' dir='ltr'><strong>se</strong></span> <span class='ocrx_word' id='word_1_80' title='bbox 491 902 649 964; x_wconf 90' lang='lat' dir='ltr'><strong>opponeret:</strong></span> <span class='ocrx_word' id='word_1_81' title='bbox 669 895 711 947; x_wconf 90' lang='lat' dir='ltr'><strong>siu</strong></span> <span class='ocrx_word' id='word_1_82' title='bbox 728 903 820 947; x_wconf 90' lang='lat' dir='ltr'><strong>autem</strong></span> <span class='ocrx_word' id='word_1_83' title='bbox 838 894 897 945; x_wconf 87' lang='lat' dir='ltr'><strong>sine</strong></span> <span class='ocrx_word' id='word_1_84' title='bbox 911 892 1022 947; x_wconf 81' lang='lat' dir='ltr'><strong>fremitu</strong></span> 
     </span>
     <span class='ocr_line' id='line_1_12' title="bbox 110 962 1022 1034; baseline 0.001 -18"><span class='ocrx_word' id='word_1_85' title='bbox 110 963 290 1033; x_wconf 80' lang='lat' dir='ltr'><strong>immisissent,</strong></span> <span class='ocrx_word' id='word_1_86' title='bbox 311 981 358 1018; x_wconf 91' lang='lat' dir='ltr'><strong>eos</strong></span> <span class='ocrx_word' id='word_1_87' title='bbox 380 964 388 1016; x_wconf 93' lang='lat' dir='ltr'><strong>i</strong></span> <span class='ocrx_word' id='word_1_88' title='bbox 421 965 430 1017; x_wconf 94' lang='lat' dir='ltr'><strong>i</strong></span> <span class='ocrx_word' id='word_1_89' title='bbox 452 965 566 1017; x_wconf 86' lang='lat' dir='ltr'><strong>clamore</strong></span> <span class='ocrx_word' id='word_1_90' title='bbox 591 972 725 1034; x_wconf 90' lang='lat' dir='ltr'><strong>terrerent,</strong></span> <span class='ocrx_word' id='word_1_91' title='bbox 746 962 913 1033; x_wconf 85' lang='lat' dir='ltr'><strong>pavidosque</strong></span> <span class='ocrx_word' id='word_1_92' title='bbox 937 980 1022 1033; x_wconf 89' lang='lat' dir='ltr'><strong>equos</strong></span> 
     </span>
     <span class='ocr_line' id='line_1_13' title="bbox 111 1032 1023 1103; baseline 0.002 -17"><span class='ocrx_word' id='word_1_93' title='bbox 111 1034 171 1086; x_wconf 84' lang='lat' dir='ltr'><strong>telis</strong></span> <span class='ocrx_word' id='word_1_94' title='bbox 190 1035 323 1103; x_wconf 90' lang='lat' dir='ltr'><strong>utrimque</strong></span> <span class='ocrx_word' id='word_1_95' title='bbox 342 1051 374 1087; x_wconf 85' lang='lat' dir='ltr'><strong>su</strong></span> <span class='ocrx_word' id='word_1_96' title='bbox 396 1033 514 1086; x_wconf 86' lang='lat' dir='ltr'><strong>oderent.</strong></span> <span class='ocrx_word' id='word_1_97' title='bbox 549 1032 601 1092; x_wconf 87' lang='lat' dir='ltr'><strong>Qui</strong></span> <span class='ocrx_word' id='word_1_98' title='bbox 621 1033 744 1086; x_wconf 87' lang='lat' dir='ltr'><strong>cornibus</strong></span> <span class='ocrx_word' id='word_1_99' title='bbox 761 1040 910 1102; x_wconf 87' lang='lat' dir='ltr'><strong>praeerant,</strong></span> <span class='ocrx_word' id='word_1_100' title='bbox 930 1042 1023 1087; x_wconf 83' lang='lat' dir='ltr'><strong>exten·</strong></span> 
     </span>
     <span class='ocr_line' id='line_1_14' title="bbox 109 1100 1021 1174; baseline 0 -18"><span class='ocrx_word' id='word_1_101' title='bbox 109 1103 173 1157; x_wconf 92' lang='lat' dir='ltr'><strong>dere</strong></span> <span class='ocrx_word' id='word_1_102' title='bbox 191 1121 223 1156; x_wconf 86' lang='lat' dir='ltr'><strong>ea</strong></span> <span class='ocrx_word' id='word_1_103' title='bbox 238 1103 312 1174; x_wconf 88' lang='lat' dir='ltr'><strong>jussi,</strong></span> <span class='ocrx_word' id='word_1_104' title='bbox 325 1104 361 1156; x_wconf 87' lang='lat' dir='ltr'><strong>ita</strong></span> <span class='ocrx_word' id='word_1_105' title='bbox 379 1113 407 1156; x_wconf 91' lang='lat' dir='ltr'><strong>ut</strong></span> <span class='ocrx_word' id='word_1_106' title='bbox 425 1119 475 1169; x_wconf 87' lang='lat' dir='ltr'><strong>uec</strong></span> <span class='ocrx_word' id='word_1_107' title='bbox 492 1102 752 1172; x_wconf 82' lang='lat' dir='ltr'><strong>circumvenirentur,</strong></span> <span class='ocrx_word' id='word_1_108' title='bbox 765 1102 788 1155; x_wconf 93' lang='lat' dir='ltr'><strong>si</strong></span> <span class='ocrx_word' id='word_1_109' title='bbox 806 1100 900 1154; x_wconf 80' lang='lat' dir='ltr'><strong>artius³</strong></span> <span class='ocrx_word' id='word_1_110' title='bbox 912 1111 1021 1171; x_wconf 86' lang='lat' dir='ltr'><strong>starent,</strong></span> 
     </span>
     <span class='ocr_line' id='line_1_15' title="bbox 111 1170 1023 1242; baseline -0.002 -15"><span class='ocrx_word' id='word_1_111' title='bbox 111 1190 162 1227; x_wconf 92' lang='lat' dir='ltr'><strong>nec</strong></span> <span class='ocrx_word' id='word_1_112' title='bbox 179 1182 268 1226; x_wconf 80' lang='lat' dir='ltr'><strong>temen</strong></span> <span class='ocrx_word' id='word_1_113' title='bbox 289 1173 411 1227; x_wconf 86' lang='lat' dir='ltr'><strong>ultimam</strong></span> <span class='ocrx_word' id='word_1_114' title='bbox 429 1173 517 1226; x_wconf 90' lang='lat' dir='ltr'><strong>aciem</strong></span> <span class='ocrx_word' id='word_1_115' title='bbox 538 1172 713 1225; x_wconf 76' lang='lat' dir='ltr'><strong>exinanirent.</strong></span> <span class='ocrx_word' id='word_1_116' title='bbox 749 1170 939 1242; x_wconf 87' lang='lat' dir='ltr'><strong>Impediueuta</strong></span> <span class='ocrx_word' id='word_1_117' title='bbox 958 1188 1023 1225; x_wconf 89' lang='lat' dir='ltr'><strong>cum</strong></span> 
     </span>
     <span class='ocr_line' id='line_1_16' title="bbox 110 1239 1022 1313; baseline 0.001 -19"><span class='ocrx_word' id='word_1_118' title='bbox 110 1243 228 1313; x_wconf 86' lang='lat' dir='ltr'><strong>captivis,</strong></span> <span class='ocrx_word' id='word_1_119' title='bbox 252 1243 319 1296; x_wconf 90' lang='lat' dir='ltr'><strong>inter</strong></span> <span class='ocrx_word' id='word_1_120' title='bbox 342 1259 408 1311; x_wconf 91' lang='lat' dir='ltr'><strong>quos</strong></span> <span class='ocrx_word' id='word_1_121' title='bbox 432 1249 517 1295; x_wconf 87' lang='lat' dir='ltr'><strong>meter</strong></span> <span class='ocrx_word' id='word_1_122' title='bbox 539 1241 668 1311; x_wconf 89' lang='lat' dir='ltr'><strong>liberique</strong></span> <span class='ocrx_word' id='word_1_123' title='bbox 692 1241 771 1294; x_wconf 86' lang='lat' dir='ltr'><strong>Darei</strong></span> <span class='ocrx_word' id='word_1_124' title='bbox 794 1239 1022 1311; x_wconf 83' lang='lat' dir='ltr'><strong>custodiebantur,</strong></span> 
     </span>
     <span class='ocr_line' id='line_1_17' title="bbox 109 1309 1024 1382; baseline 0 -17"><span class='ocrx_word' id='word_1_125' title='bbox 109 1312 180 1365; x_wconf 85' lang='lat' dir='ltr'><strong>haud</strong></span> <span class='ocrx_word' id='word_1_126' title='bbox 200 1313 291 1382; x_wconf 90' lang='lat' dir='ltr'><strong>procul</strong></span> <span class='ocrx_word' id='word_1_127' title='bbox 310 1312 368 1364; x_wconf 87' lang='lat' dir='ltr'><strong>acie</strong></span> <span class='ocrx_word' id='word_1_128' title='bbox 388 1329 414 1364; x_wconf 88' lang='lat' dir='ltr'><strong>ru</strong></span> <span class='ocrx_word' id='word_1_129' title='bbox 432 1312 502 1364; x_wconf 90' lang='lat' dir='ltr'><strong>edito</strong></span> <span class='ocrx_word' id='word_1_130' title='bbox 520 1311 587 1364; x_wconf 84' lang='lat' dir='ltr'><strong>colle</strong></span> <span class='ocrx_word' id='word_1_131' title='bbox 605 1311 748 1381; x_wconf 88' lang='lat' dir='ltr'><strong>constituit,</strong></span> <span class='ocrx_word' id='word_1_132' title='bbox 767 1309 871 1363; x_wconf 91' lang='lat' dir='ltr'><strong>modico</strong></span> <span class='ocrx_word' id='word_1_133' title='bbox 887 1310 1024 1379; x_wconf 88' lang='lat' dir='ltr'><strong>praesidio</strong></span> 
     </span>
     <span class='ocr_line' id='line_1_18' title="bbox 110 1378 1023 1451; baseline 0.003 -19"><span class='ocrx_word' id='word_1_134' title='bbox 110 1381 210 1434; x_wconf 89' lang='lat' dir='ltr'><strong>relicto.</strong></span> <span class='ocrx_word' id='word_1_135' title='bbox 246 1382 364 1434; x_wconf 84' lang='lat' dir='ltr'><strong>Lucrum</strong></span> <span class='ocrx_word' id='word_1_136' title='bbox 388 1397 476 1450; x_wconf 88' lang='lat' dir='ltr'><strong>cornu,</strong></span> <span class='ocrx_word' id='word_1_137' title='bbox 501 1382 568 1434; x_wconf 91' lang='lat' dir='ltr'><strong>sicut</strong></span> <span class='ocrx_word' id='word_1_138' title='bbox 591 1380 666 1449; x_wconf 82' lang='lat' dir='ltr'><strong>alias,</strong></span> <span class='ocrx_word' id='word_1_139' title='bbox 690 1378 857 1432; x_wconf 88' lang='lat' dir='ltr'><strong>Parmenioni</strong></span> <span class='ocrx_word' id='word_1_140' title='bbox 881 1380 1023 1451; x_wconf 87' lang='lat' dir='ltr'><strong>tuendum,</strong></span> 
     </span>
     <span class='ocr_line' id='line_1_19' title="bbox 109 1447 1024 1521; baseline 0.002 -19"><span class='ocrx_word' id='word_1_141' title='bbox 109 1449 218 1503; x_wconf 84' lang='lat' dir='ltr'><strong>datum:</strong></span> <span class='ocrx_word' id='word_1_142' title='bbox 237 1450 295 1520; x_wconf 90' lang='lat' dir='ltr'><strong>ipse</strong></span> <span class='ocrx_word' id='word_1_143' title='bbox 308 1449 334 1503; x_wconf 94' lang='lat' dir='ltr'><strong>in</strong></span> <span class='ocrx_word' id='word_1_144' title='bbox 348 1448 439 1502; x_wconf 88' lang='lat' dir='ltr'><strong>dextro</strong></span> <span class='ocrx_word' id='word_1_145' title='bbox 452 1450 547 1504; x_wconf 83' lang='lat' dir='ltr'><strong>stabat.</strong></span> <span class='ocrx_word' id='word_1_146' title='bbox 582 1448 709 1504; x_wconf 90' lang='lat' dir='ltr'><strong>Nondum</strong></span> <span class='ocrx_word' id='word_1_147' title='bbox 725 1449 760 1502; x_wconf 86' lang='lat' dir='ltr'><strong>ad</strong></span> <span class='ocrx_word' id='word_1_148' title='bbox 776 1447 880 1518; x_wconf 81' lang='lat' dir='ltr'><strong>jactum</strong></span> <span class='ocrx_word' id='word_1_149' title='bbox 899 1449 949 1503; x_wconf 92' lang='lat' dir='ltr'><strong>teli</strong></span> <span class='ocrx_word' id='word_1_150' title='bbox 967 1466 1024 1521; x_wconf 83' lang='lat' dir='ltr'><strong>pet·</strong></span> 
     </span>
     <span class='ocr_line' id='line_1_20' title="bbox 110 1517 1025 1589; baseline 0.003 -19"><span class='ocrx_word' id='word_1_151' title='bbox 110 1527 244 1588; x_wconf 85' lang='lat' dir='ltr'><strong>venerant,</strong></span> <span class='ocrx_word' id='word_1_152' title='bbox 257 1535 319 1571; x_wconf 92' lang='lat' dir='ltr'><strong>cum</strong></span> <span class='ocrx_word' id='word_1_153' title='bbox 332 1518 397 1572; x_wconf 90' lang='lat' dir='ltr'><strong>Bion</strong></span> <span class='ocrx_word' id='word_1_154' title='bbox 408 1519 518 1587; x_wconf 88' lang='lat' dir='ltr'><strong>quidam</strong></span> <span class='ocrx_word' id='word_1_155' title='bbox 532 1519 674 1588; x_wconf 85' lang='lat' dir='ltr'><strong>transfuga,</strong></span> <span class='ocrx_word' id='word_1_156' title='bbox 688 1526 785 1589; x_wconf 77' lang='lat' dir='ltr'><strong>quanto</strong></span> <span class='ocrx_word' id='word_1_157' title='bbox 804 1517 927 1572; x_wconf 79' lang='lat' dir='ltr'><strong>maximo</strong></span> <span class='ocrx_word' id='word_1_158' title='bbox 943 1536 1025 1573; x_wconf 82' lang='lat' dir='ltr'><strong>cursu</strong></span> 
     </span>
     <span class='ocr_line' id='line_1_21' title="bbox 109 1587 1025 1659; baseline 0.003 -19"><span class='ocrx_word' id='word_1_159' title='bbox 109 1595 237 1659; x_wconf 91' lang='lat' dir='ltr'><strong>potuerat,</strong></span> <span class='ocrx_word' id='word_1_160' title='bbox 255 1587 290 1640; x_wconf 88' lang='lat' dir='ltr'><strong>ad</strong></span> <span class='ocrx_word' id='word_1_161' title='bbox 311 1605 400 1656; x_wconf 89' lang='lat' dir='ltr'><strong>regem</strong></span> <span class='ocrx_word' id='word_1_162' title='bbox 420 1590 554 1658; x_wconf 91' lang='lat' dir='ltr'><strong>pervenit:</strong></span> <span class='ocrx_word' id='word_1_163' title='bbox 580 1588 712 1658; x_wconf 90' lang='lat' dir='ltr'><strong>nuntians,</strong></span> <span class='ocrx_word' id='word_1_164' title='bbox 731 1588 858 1641; x_wconf 87' lang='lat' dir='ltr'><strong>murices⁴</strong></span> <span class='ocrx_word' id='word_1_165' title='bbox 876 1587 983 1642; x_wconf 87' lang='lat' dir='ltr'><strong>ferreos</strong></span> <span class='ocrx_word' id='word_1_166' title='bbox 998 1588 1025 1643; x_wconf 90' lang='lat' dir='ltr'><strong>iu</strong></span> 
     </span>
     <span class='ocr_line' id='line_1_22' title="bbox 111 1656 1025 1728; baseline 0.002 -17"><span class='ocrx_word' id='word_1_167' title='bbox 111 1667 207 1711; x_wconf 89' lang='lat' dir='ltr'><strong>terrem</strong></span> <span class='ocrx_word' id='word_1_168' title='bbox 229 1656 362 1710; x_wconf 91' lang='lat' dir='ltr'><strong>defodisse</strong></span> <span class='ocrx_word' id='word_1_169' title='bbox 385 1658 508 1728; x_wconf 89' lang='lat' dir='ltr'><strong>Dareum,</strong></span> <span class='ocrx_word' id='word_1_170' title='bbox 529 1675 583 1727; x_wconf 89' lang='lat' dir='ltr'><strong>qua</strong></span> <span class='ocrx_word' id='word_1_171' title='bbox 605 1657 711 1711; x_wconf 89' lang='lat' dir='ltr'><strong>hostem</strong></span> <span class='ocrx_word' id='word_1_172' title='bbox 733 1657 836 1727; x_wconf 88' lang='lat' dir='ltr'><strong>equites</strong></span> <span class='ocrx_word' id='word_1_173' title='bbox 859 1658 1025 1713; x_wconf 86' lang='lat' dir='ltr'><strong>emissurum</strong></span> 
     </span>
     <span class='ocr_line' id='line_1_23' title="bbox 109 1724 1025 1798; baseline 0.002 -18"><span class='ocrx_word' id='word_1_174' title='bbox 109 1743 169 1780; x_wconf 89' lang='lat' dir='ltr'><strong>esse</strong></span> <span class='ocrx_word' id='word_1_175' title='bbox 181 1726 313 1796; x_wconf 77' lang='lat' dir='ltr'><strong>credebat,</strong></span> <span class='ocrx_word' id='word_1_176' title='bbox 326 1738 500 1798; x_wconf 87' lang='lat' dir='ltr'><strong>notatumque</strong></span> <span class='ocrx_word' id='word_1_177' title='bbox 511 1738 583 1780; x_wconf 89' lang='lat' dir='ltr'><strong>certo</strong></span> <span class='ocrx_word' id='word_1_178' title='bbox 600 1728 675 1796; x_wconf 90' lang='lat' dir='ltr'><strong>signo</strong></span> <span class='ocrx_word' id='word_1_179' title='bbox 693 1726 782 1780; x_wconf 87' lang='lat' dir='ltr'><strong>locum</strong></span> <span class='ocrx_word' id='word_1_180' title='bbox 803 1734 831 1780; x_wconf 91' lang='lat' dir='ltr'><strong>ut</strong></span> <span class='ocrx_word' id='word_1_181' title='bbox 843 1724 918 1779; x_wconf 92' lang='lat' dir='ltr'><strong>fraus</strong></span> <span class='ocrx_word' id='word_1_182' title='bbox 931 1725 1025 1782; x_wconf 79' lang='lat' dir='ltr'><strong>evitari</strong></span> 
     </span>
     <span class='ocr_line' id='line_1_24' title="bbox 109 1765 1024 1866; baseline 0 -16"><span class='ocrx_word' id='word_1_183' title='bbox 109 1813 127 1850; x_wconf 90' lang='lat' dir='ltr'><strong>a</strong></span> <span class='ocrx_word' id='word_1_184' title='bbox 144 1797 199 1850; x_wconf 90' lang='lat' dir='ltr'><strong>suis</strong></span> <span class='ocrx_word' id='word_1_185' title='bbox 222 1805 319 1866; x_wconf 84' lang='lat' dir='ltr'><strong>posset.</strong></span> <span class='ocrx_word' id='word_1_186' title='bbox 356 1798 494 1850; x_wconf 85' lang='lat' dir='ltr'><strong>Asservari</strong></span> <span class='ocrx_word' id='word_1_187' title='bbox 517 1795 652 1865; x_wconf 86' lang='lat' dir='ltr'><strong>transfuga</strong></span> <span class='ocrx_word' id='word_1_188' title='bbox 674 1795 755 1866; x_wconf 83' lang='lat' dir='ltr'><strong>jusso,</strong></span> <span class='ocrx_word' id='word_1_189' title='bbox 774 1765 857 1849; x_wconf 84' lang='lat' dir='ltr'><strong>duces</strong></span> <span class='ocrx_word' id='word_1_190' title='bbox 876 1806 1024 1852; x_wconf 79' lang='lat' dir='ltr'><strong>convocat:</strong></span> 
     </span>
     <span class='ocr_line' id='line_1_25' title="bbox 110 1863 1025 1936; baseline 0.001 -16"><span class='ocrx_word' id='word_1_191' title='bbox 110 1866 280 1936; x_wconf 86' lang='lat' dir='ltr'><strong>expositoque</strong></span> <span class='ocrx_word' id='word_1_192' title='bbox 292 1864 363 1936; x_wconf 93' lang='lat' dir='ltr'><strong>quod</strong></span> <span class='ocrx_word' id='word_1_193' title='bbox 380 1866 527 1920; x_wconf 89' lang='lat' dir='ltr'><strong>nuntiatum</strong></span> <span class='ocrx_word' id='word_1_194' title='bbox 546 1873 609 1934; x_wconf 86' lang='lat' dir='ltr'><strong>erat,</strong></span> <span class='ocrx_word' id='word_1_195' title='bbox 623 1874 721 1935; x_wconf 90' lang='lat' dir='ltr'><strong>monet,</strong></span> <span class='ocrx_word' id='word_1_196' title='bbox 733 1874 762 1918; x_wconf 91' lang='lat' dir='ltr'><strong>ut</strong></span> <span class='ocrx_word' id='word_1_197' title='bbox 780 1863 917 1934; x_wconf 88' lang='lat' dir='ltr'><strong>regionem</strong></span> <span class='ocrx_word' id='word_1_198' title='bbox 938 1884 1025 1921; x_wconf 88' lang='lat' dir='ltr'><strong>mous·</strong></span> 
     </span>
     <span class='ocr_line' id='line_1_26' title="bbox 111 1935 852 2006; baseline -0.001 -19"><span class='ocrx_word' id='word_1_199' title='bbox 111 1943 206 1988; x_wconf 82' lang='lat' dir='ltr'><strong>tratum</strong></span> <span class='ocrx_word' id='word_1_200' title='bbox 218 1935 360 2005; x_wconf 86' lang='lat' dir='ltr'><strong>declinent,</strong></span> <span class='ocrx_word' id='word_1_201' title='bbox 373 1937 545 2006; x_wconf 88' lang='lat' dir='ltr'><strong>equitemque</strong></span> <span class='ocrx_word' id='word_1_202' title='bbox 557 1935 703 2005; x_wconf 85' lang='lat' dir='ltr'><strong>periculum</strong></span> <span class='ocrx_word' id='word_1_203' title='bbox 715 1935 852 1988; x_wconf 90' lang='lat' dir='ltr'><strong>edoceant.</strong></span> 
     </span>
    </p>

    <p class='ocr_par' dir='ltr' id='par_1_4' title="bbox 110 2003 1025 2905">
     <span class='ocr_line' id='line_1_27' title="bbox 145 2003 1024 2076; baseline 0.005 -21"><span class='ocrx_word' id='word_1_204' title='bbox 145 2009 188 2055; x_wconf 80' lang='lat'><strong>52.</strong></span> <span class='ocrx_word' id='word_1_205' title='bbox 207 2005 330 2058; x_wconf 89' lang='lat' dir='ltr'><strong>Ceterum</strong></span> <span class='ocrx_word' id='word_1_206' title='bbox 355 2004 504 2058; x_wconf 88' lang='lat' dir='ltr'><strong>hortantem</strong></span> <span class='ocrx_word' id='word_1_207' title='bbox 528 2006 660 2058; x_wconf 84' lang='lat' dir='ltr'><strong>exercitus</strong></span> <span class='ocrx_word' id='word_1_208' title='bbox 680 2003 816 2059; x_wconf 80' lang='lat' dir='ltr'><strong>exaudire⁸</strong></span> <span class='ocrx_word' id='word_1_209' title='bbox 832 2020 886 2057; x_wconf 91' lang='lat' dir='ltr'><strong>uon</strong></span> <span class='ocrx_word' id='word_1_210' title='bbox 911 2014 1024 2076; x_wconf 82' lang='lat' dir='ltr'><strong>poterat,</strong></span> 
     </span>
     <span class='ocr_line' id='line_1_28' title="bbox 111 2073 1024 2145; baseline 0.003 -20"><span class='ocrx_word' id='word_1_211' title='bbox 111 2089 189 2125; x_wconf 91' lang='lat' dir='ltr'><strong>usum</strong></span> <span class='ocrx_word' id='word_1_212' title='bbox 207 2074 311 2126; x_wconf 87' lang='lat' dir='ltr'><strong>aurium</strong></span> <span class='ocrx_word' id='word_1_213' title='bbox 329 2073 512 2143; x_wconf 85' lang='lat' dir='ltr'><strong>intercipiente</strong></span> <span class='ocrx_word' id='word_1_214' title='bbox 524 2073 632 2128; x_wconf 88' lang='lat' dir='ltr'><strong>fremitu</strong></span> <span class='ocrx_word' id='word_1_215' title='bbox 644 2074 756 2127; x_wconf 90' lang='lat' dir='ltr'><strong>duorum</strong></span> <span class='ocrx_word' id='word_1_216' title='bbox 772 2073 923 2145; x_wconf 85' lang='lat' dir='ltr'><strong>agminum,</strong></span> <span class='ocrx_word' id='word_1_217' title='bbox 937 2075 1024 2130; x_wconf 88' lang='lat' dir='ltr'><strong>sedin</strong></span> 
     </span>
     <span class='ocr_line' id='line_1_29' title="bbox 111 2141 1025 2213; baseline 0.007 -20"><span class='ocrx_word' id='word_1_218' title='bbox 111 2150 254 2210; x_wconf 89' lang='lat' dir='ltr'><strong>conspectu</strong></span> <span class='ocrx_word' id='word_1_219' title='bbox 267 2143 387 2195; x_wconf 91' lang='lat' dir='ltr'><strong>omnium</strong></span> <span class='ocrx_word' id='word_1_220' title='bbox 396 2141 479 2196; x_wconf 90' lang='lat' dir='ltr'><strong>duces</strong></span> <span class='ocrx_word' id='word_1_221' title='bbox 491 2152 518 2196; x_wconf 92' lang='lat' dir='ltr'><strong>et</strong></span> <span class='ocrx_word' id='word_1_222' title='bbox 529 2144 679 2213; x_wconf 85' lang='lat' dir='ltr'><strong>proximum</strong></span> <span class='ocrx_word' id='word_1_223' title='bbox 687 2160 822 2213; x_wconf 89' lang='lat' dir='ltr'><strong>quemque</strong></span> <span class='ocrx_word' id='word_1_224' title='bbox 830 2142 916 2196; x_wconf 89' lang='lat' dir='ltr'><strong>intere</strong></span> <span class='ocrx_word' id='word_1_225' title='bbox 936 2144 1025 2199; x_wconf 83' lang='lat' dir='ltr'><strong>uitaus</strong></span> 
     </span>
     <span class='ocr_line' id='line_1_30' title="bbox 111 2160 1024 2291; baseline 0.005 -28"><span class='ocrx_word' id='word_1_226' title='bbox 111 2210 307 2291; x_wconf 84' lang='lat' dir='ltr'><strong>alloquebatur:</strong></span> <span class='ocrx_word' id='word_1_227' title='bbox 330 2212 455 2266; x_wconf 84' lang='lat' dir='ltr'><strong>Emensis</strong></span> <span class='ocrx_word' id='word_1_228' title='bbox 472 2220 510 2265; x_wconf 89' lang='lat' dir='ltr'><strong>tot</strong></span> <span class='ocrx_word' id='word_1_229' title='bbox 527 2222 611 2267; x_wconf 91' lang='lat' dir='ltr'><strong>terras</strong></span> <span class='ocrx_word' id='word_1_230' title='bbox 629 2214 654 2266; x_wconf 93' lang='lat' dir='ltr'><strong>in</strong></span> <span class='ocrx_word' id='word_1_231' title='bbox 672 2230 749 2282; x_wconf 89' lang='lat' dir='ltr'><strong>spem</strong></span> <span class='ocrx_word' id='word_1_232' title='bbox 764 2212 891 2266; x_wconf 82' lang='lat' dir='ltr'><strong>victoriae</strong></span> <span class='ocrx_word' id='word_1_233' title='bbox 915 2160 955 2267; x_wconf 61' lang='lat' dir='ltr'><strong>de</strong></span> <span class='ocrx_word' id='word_1_234' title='bbox 971 2230 1024 2284; x_wconf 84' lang='lat' dir='ltr'><strong>que</strong></span> 
     </span>
     <span class='ocr_line' id='line_1_31' title="bbox 111 2280 1023 2352; baseline 0.005 -19"><span class='ocrx_word' id='word_1_235' title='bbox 111 2280 294 2334; x_wconf 83' lang='lat' dir='ltr'><strong>dimicandum</strong></span> <span class='ocrx_word' id='word_1_236' title='bbox 303 2280 376 2351; x_wconf 89' lang='lat' dir='ltr'><strong>foret,</strong></span> <span class='ocrx_word' id='word_1_237' title='bbox 390 2281 441 2335; x_wconf 92' lang='lat' dir='ltr'><strong>hcc</strong></span> <span class='ocrx_word' id='word_1_238' title='bbox 452 2298 536 2335; x_wconf 88' lang='lat' dir='ltr'><strong>unum</strong></span> <span class='ocrx_word' id='word_1_239' title='bbox 548 2299 689 2352; x_wconf 88' lang='lat' dir='ltr'><strong>superesse</strong></span> <span class='ocrx_word' id='word_1_240' title='bbox 697 2281 847 2335; x_wconf 89' lang='lat' dir='ltr'><strong>discrimen.</strong></span> <span class='ocrx_word' id='word_1_241' title='bbox 901 2283 1023 2338; x_wconf 85' lang='lat' dir='ltr'><strong>ranicum</strong></span> 
     </span>
     <span class='ocr_line' id='line_1_32' title="bbox 111 2349 1024 2424; baseline 0.001 -20"><span class='ocrx_word' id='word_1_242' title='bbox 111 2349 156 2404; x_wconf 93' lang='lat' dir='ltr'><strong>hic</strong></span> <span class='ocrx_word' id='word_1_243' title='bbox 178 2367 295 2421; x_wconf 85' lang='lat' dir='ltr'><strong>amnem,</strong></span> <span class='ocrx_word' id='word_1_244' title='bbox 314 2350 474 2422; x_wconf 89' lang='lat' dir='ltr'><strong>Ciliciaeque</strong></span> <span class='ocrx_word' id='word_1_245' title='bbox 497 2360 617 2421; x_wconf 77' lang='lat' dir='ltr'><strong>montes,</strong></span> <span class='ocrx_word' id='word_1_246' title='bbox 642 2360 668 2404; x_wconf 93' lang='lat' dir='ltr'><strong>et</strong></span> <span class='ocrx_word' id='word_1_247' title='bbox 691 2350 794 2421; x_wconf 85' lang='lat' dir='ltr'><strong>Syriam</strong></span> <span class='ocrx_word' id='word_1_248' title='bbox 811 2353 1024 2424; x_wconf 84' lang='lat' dir='ltr'><strong>Aegyptumque</strong></span> 
     </span>
     <span class='ocr_line' id='line_1_33' title="bbox 110 2419 1022 2492; baseline 0.002 -18"><span class='ocrx_word' id='word_1_249' title='bbox 110 2419 308 2490; x_wconf 77' lang='lat' dir='ltr'><strong>praeeuntibus⁸</strong></span> <span class='ocrx_word' id='word_1_250' title='bbox 329 2428 424 2492; x_wconf 87' lang='lat' dir='ltr'><strong>raptas,</strong></span> <span class='ocrx_word' id='word_1_251' title='bbox 445 2421 563 2490; x_wconf 89' lang='lat' dir='ltr'><strong>ingentia</strong></span> <span class='ocrx_word' id='word_1_252' title='bbox 586 2422 643 2491; x_wconf 90' lang='lat' dir='ltr'><strong>spei</strong></span> <span class='ocrx_word' id='word_1_253' title='bbox 665 2420 817 2491; x_wconf 86' lang='lat' dir='ltr'><strong>gloriaeque</strong></span> <span class='ocrx_word' id='word_1_254' title='bbox 837 2421 1022 2491; x_wconf 78' lang='lat' dir='ltr'><strong>incitamento,</strong></span> 
     </span>
     <span class='ocr_line' id='line_1_34' title="bbox 111 2488 1023 2561; baseline 0.004 -20"><span class='ocrx_word' id='word_1_255' title='bbox 111 2488 251 2544; x_wconf 85' lang='lat' dir='ltr'><strong>referebat.</strong></span> <span class='ocrx_word' id='word_1_256' title='bbox 294 2490 477 2561; x_wconf 87' lang='lat' dir='ltr'><strong>Reprehensos</strong></span> <span class='ocrx_word' id='word_1_257' title='bbox 503 2508 537 2544; x_wconf 85' lang='lat' dir='ltr'><strong>ex</strong></span> <span class='ocrx_word' id='word_1_258' title='bbox 560 2489 624 2559; x_wconf 88' lang='lat' dir='ltr'><strong>fuga</strong></span> <span class='ocrx_word' id='word_1_259' title='bbox 646 2491 741 2544; x_wconf 87' lang='lat' dir='ltr'><strong>Persas</strong></span> <span class='ocrx_word' id='word_1_260' title='bbox 763 2498 935 2560; x_wconf 64' lang='lat' dir='ltr'><strong>puguaturos,</strong></span> <span class='ocrx_word' id='word_1_261' title='bbox 960 2490 1023 2561; x_wconf 75' lang='lat' dir='ltr'><strong>quia</strong></span> 
     </span>
     <span class='ocr_line' id='line_1_35' title="bbox 111 2557 1024 2638; baseline 0.004 -27"><span class='ocrx_word' id='word_1_262' title='bbox 111 2557 203 2638; x_wconf 85' lang='lat' dir='ltr'><strong>fugere</strong></span> <span class='ocrx_word' id='word_1_263' title='bbox 216 2576 266 2612; x_wconf 92' lang='lat' dir='ltr'><strong>uon</strong></span> <span class='ocrx_word' id='word_1_264' title='bbox 278 2567 394 2630; x_wconf 87' lang='lat' dir='ltr'><strong>possent.</strong></span> <span class='ocrx_word' id='word_1_265' title='bbox 412 2560 533 2614; x_wconf 90' lang='lat' dir='ltr'><strong>Tertium</strong></span> <span class='ocrx_word' id='word_1_266' title='bbox 543 2559 598 2630; x_wconf 85' lang='lat' dir='ltr'><strong>jam</strong></span> <span class='ocrx_word' id='word_1_267' title='bbox 608 2559 681 2613; x_wconf 89' lang='lat' dir='ltr'><strong>diem</strong></span> <span class='ocrx_word' id='word_1_268' title='bbox 690 2567 764 2612; x_wconf 90' lang='lat' dir='ltr'><strong>metu</strong></span> <span class='ocrx_word' id='word_1_269' title='bbox 773 2576 932 2630; x_wconf 85' lang='lat' dir='ltr'><strong>exsangues,</strong></span> <span class='ocrx_word' id='word_1_270' title='bbox 941 2559 1024 2615; x_wconf 78' lang='lat' dir='ltr'><strong>armis</strong></span> 
     </span>
     <span class='ocr_line' id='line_1_36' title="bbox 111 2627 1023 2700; baseline 0.007 -22"><span class='ocrx_word' id='word_1_271' title='bbox 111 2643 166 2679; x_wconf 91' lang='lat' dir='ltr'><strong>surs</strong></span> <span class='ocrx_word' id='word_1_272' title='bbox 183 2640 303 2681; x_wconf 88' lang='lat' dir='ltr'><strong>oneratos</strong></span> <span class='ocrx_word' id='word_1_273' title='bbox 320 2630 347 2683; x_wconf 91' lang='lat' dir='ltr'><strong>iu</strong></span> <span class='ocrx_word' id='word_1_274' title='bbox 364 2629 460 2683; x_wconf 90' lang='lat' dir='ltr'><strong>eodem</strong></span> <span class='ocrx_word' id='word_1_275' title='bbox 478 2629 589 2698; x_wconf 84' lang='lat' dir='ltr'><strong>vestigio</strong></span> <span class='ocrx_word' id='word_1_276' title='bbox 612 2628 731 2682; x_wconf 89' lang='lat' dir='ltr'><strong>haerere.</strong></span> <span class='ocrx_word' id='word_1_277' title='bbox 766 2627 879 2682; x_wconf 90' lang='lat' dir='ltr'><strong>Nullum</strong></span> <span class='ocrx_word' id='word_1_278' title='bbox 897 2628 1023 2700; x_wconf 81' lang='lat' dir='ltr'><strong>despera·</strong></span> 
     </span>
     <span class='ocr_line' id='line_1_37' title="bbox 112 2695 1023 2771; baseline 0.008 -25"><span class='ocrx_word' id='word_1_279' title='bbox 112 2695 190 2748; x_wconf 90' lang='lat' dir='ltr'><strong>tionis</strong></span> <span class='ocrx_word' id='word_1_280' title='bbox 206 2696 310 2750; x_wconf 86' lang='lat' dir='ltr'><strong>illorum</strong></span> <span class='ocrx_word' id='word_1_281' title='bbox 326 2697 416 2767; x_wconf 90' lang='lat' dir='ltr'><strong>majus</strong></span> <span class='ocrx_word' id='word_1_282' title='bbox 432 2696 561 2751; x_wconf 90' lang='lat' dir='ltr'><strong>indicium</strong></span> <span class='ocrx_word' id='word_1_283' title='bbox 578 2715 646 2768; x_wconf 91' lang='lat' dir='ltr'><strong>esse,</strong></span> <span class='ocrx_word' id='word_1_284' title='bbox 659 2715 741 2769; x_wconf 84' lang='lat' dir='ltr'><strong>quem</strong></span> <span class='ocrx_word' id='word_1_285' title='bbox 758 2696 829 2767; x_wconf 91' lang='lat' dir='ltr'><strong>quod</strong></span> <span class='ocrx_word' id='word_1_286' title='bbox 847 2696 938 2769; x_wconf 89' lang='lat' dir='ltr'><strong>urbes,</strong></span> <span class='ocrx_word' id='word_1_287' title='bbox 951 2697 1023 2771; x_wconf 87' lang='lat' dir='ltr'><strong>quod</strong></span> 
     </span>
     <span class='ocr_line' id='line_1_38' title="bbox 111 2765 1024 2836; baseline 0.009 -21"><span class='ocrx_word' id='word_1_288' title='bbox 111 2780 188 2832; x_wconf 81' lang='lat' dir='ltr'><strong>egros</strong></span> <span class='ocrx_word' id='word_1_289' title='bbox 204 2780 265 2817; x_wconf 86' lang='lat' dir='ltr'><strong>suos</strong></span> <span class='ocrx_word' id='word_1_290' title='bbox 282 2775 394 2835; x_wconf 88' lang='lat' dir='ltr'><strong>urerent,</strong></span> <span class='ocrx_word' id='word_1_291' title='bbox 408 2766 533 2835; x_wconf 92' lang='lat' dir='ltr'><strong>quicquid</strong></span> <span class='ocrx_word' id='word_1_292' title='bbox 551 2783 602 2821; x_wconf 91' lang='lat' dir='ltr'><strong>uon</strong></span> <span class='ocrx_word' id='word_1_293' title='bbox 619 2767 802 2836; x_wconf 89' lang='lat' dir='ltr'><strong>corrupissent,</strong></span> <span class='ocrx_word' id='word_1_294' title='bbox 815 2765 934 2821; x_wconf 87' lang='lat' dir='ltr'><strong>hostium</strong></span> <span class='ocrx_word' id='word_1_295' title='bbox 953 2770 1024 2823; x_wconf 76' lang='lat' dir='ltr'><strong>eese&#39;</strong></span> 
     </span>
     <span class='ocr_line' id='line_1_39' title="bbox 111 2832 1024 2905; baseline 0.009 -19"><span class='ocrx_word' id='word_1_296' title='bbox 111 2832 234 2886; x_wconf 90' lang='lat' dir='ltr'><strong>confessi.</strong></span> <span class='ocrx_word' id='word_1_297' title='bbox 261 2834 376 2887; x_wconf 84' lang='lat' dir='ltr'><strong>Nomine</strong></span> <span class='ocrx_word' id='word_1_298' title='bbox 387 2835 466 2888; x_wconf 92' lang='lat' dir='ltr'><strong>modo</strong></span> <span class='ocrx_word' id='word_1_299' title='bbox 477 2853 547 2889; x_wconf 84' lang='lat' dir='ltr'><strong>rana</strong></span> <span class='ocrx_word' id='word_1_300' title='bbox 557 2838 677 2904; x_wconf 90' lang='lat' dir='ltr'><strong>gentium</strong></span> <span class='ocrx_word' id='word_1_301' title='bbox 689 2837 837 2905; x_wconf 88' lang='lat' dir='ltr'><strong>ignotamm</strong></span> <span class='ocrx_word' id='word_1_302' title='bbox 848 2852 883 2889; x_wconf 91' lang='lat' dir='ltr'><strong>ue</strong></span> <span class='ocrx_word' id='word_1_303' title='bbox 896 2838 1024 2893; x_wconf 78' lang='lat' dir='ltr'><strong>extimes-</strong></span> 
     </span>
    </p>
   </div>
   <div class='ocr_carea' id='block_1_3' title="bbox 112 2935 1026 3466">
    <p class='ocr_par' dir='ltr' id='par_1_5' title="bbox 141 2935 316 2985">
     <span class='ocr_line' id='line_1_40' title="bbox 141 2935 316 2985; baseline 0.006 -2"><span class='ocrx_word' id='word_1_304' title='bbox 141 2942 148 2966; x_wconf 93' lang='lat'><strong>¹</strong></span> <span class='ocrx_word' id='word_1_305' title='bbox 160 2936 213 2985; x_wconf 77' lang='lat' dir='ltr'><strong>‘Art</strong></span> <span class='ocrx_word' id='word_1_306' title='bbox 223 2935 316 2985; x_wconf 65' lang='lat' dir='ltr'><strong>mund!</strong></span> 
     </span>
    </p>

    <p class='ocr_par' dir='ltr' id='par_1_6' title="bbox 139 2994 573 3054">
     <span class='ocr_line' id='line_1_41' title="bbox 139 2994 573 3054; baseline 0.014 -13"><span class='ocrx_word' id='word_1_307' title='bbox 139 2994 315 3051; x_wconf 85' lang='lat' dir='ltr'><strong>¹‘Versatiie‚&#39;</strong></span> <span class='ocrx_word' id='word_1_308' title='bbox 331 2995 454 3054; x_wconf 67' lang='lat' dir='ltr'><strong>‘mobile’</strong></span> <span class='ocrx_word' id='word_1_309' title='bbox 470 2997 573 3047; x_wconf 72' lang='lat' dir='ltr'><strong>‘heile&#39;</strong></span> 
     </span>
    </p>

    <p class='ocr_par' dir='ltr' id='par_1_7' title="bbox 140 3053 350 3115">
     <span class='ocr_line' id='line_1_42' title="bbox 140 3053 350 3115; baseline -0.005 -12"><span class='ocrx_word' id='word_1_310' title='bbox 140 3060 150 3085; x_wconf 83' lang='lat'>⁸</span> <span class='ocrx_word' id='word_1_311' title='bbox 162 3054 231 3103; x_wconf 86' lang='lat' dir='ltr'><strong>‘Too</strong></span> <span class='ocrx_word' id='word_1_312' title='bbox 242 3053 350 3115; x_wconf 67' lang='lat' dir='ltr'><strong>closely)</strong></span> 
     </span>
    </p>

    <p class='ocr_par' dir='ltr' id='par_1_8' title="bbox 112 3112 1026 3348">
     <span class='ocr_line' id='line_1_43' title="bbox 140 3112 1026 3183; baseline 0.007 -20"><span class='ocrx_word' id='word_1_313' title='bbox 140 3112 305 3174; x_wconf 71' lang='lat' dir='ltr'><strong>‘Trianguiar</strong></span> <span class='ocrx_word' id='word_1_314' title='bbox 323 3113 404 3174; x_wconf 88' lang='lat' dir='ltr'><strong>pieces</strong></span> <span class='ocrx_word' id='word_1_315' title='bbox 421 3114 449 3163; x_wconf 95' lang='lat' dir='ltr'><strong>of</strong></span> <span class='ocrx_word' id='word_1_316' title='bbox 463 3117 523 3174; x_wconf 85' lang='lat' dir='ltr'><strong>iren,</strong></span> <span class='ocrx_word' id='word_1_317' title='bbox 540 3116 600 3165; x_wconf 85' lang='lat' dir='ltr'><strong>with</strong></span> <span class='ocrx_word' id='word_1_318' title='bbox 618 3117 691 3178; x_wconf 86' lang='lat' dir='ltr'><strong>sharp</strong></span> <span class='ocrx_word' id='word_1_319' title='bbox 709 3117 797 3177; x_wconf 83' lang='lat' dir='ltr'><strong>points,</strong></span> <span class='ocrx_word' id='word_1_320' title='bbox 815 3115 851 3165; x_wconf 92' lang='lat' dir='ltr'><strong>for</strong></span> <span class='ocrx_word' id='word_1_321' title='bbox 868 3115 966 3183; x_wconf 81' lang='lat' dir='ltr'><strong>lamiug</strong></span> <span class='ocrx_word' id='word_1_322' title='bbox 982 3120 1026 3171; x_wconf 75' lang='lat' dir='ltr'><strong>the</strong></span> 
     </span>
     <span class='ocr_line' id='line_1_44' title="bbox 112 3174 1026 3304; baseline 0.008 -25"><span class='ocrx_word' id='word_1_323' title='bbox 112 3174 218 3304; x_wconf 48' lang='lat' dir='ltr'><strong>hoffieqo</strong></span> <span class='ocrx_word' id='word_1_324' title='bbox 228 3231 294 3288; x_wconf 85' lang='lat' dir='ltr'><strong>hear,</strong></span> <span class='ocrx_word' id='word_1_325' title='bbox 307 3247 334 3280; x_wconf 88' lang='lat' dir='ltr'><strong>so</strong></span> <span class='ocrx_word' id='word_1_326' title='bbox 345 3248 372 3280; x_wconf 87' lang='lat' dir='ltr'><strong>as</strong></span> <span class='ocrx_word' id='word_1_327' title='bbox 383 3242 408 3281; x_wconf 91' lang='lat' dir='ltr'><strong>to</strong></span> <span class='ocrx_word' id='word_1_328' title='bbox 418 3233 581 3303; x_wconf 66' lang='lat' dir='ltr'><strong>understand)</strong></span> <span class='ocrx_word' id='word_1_329' title='bbox 614 3234 677 3284; x_wconf 81' lang='lat' dir='ltr'><strong>This</strong></span> <span class='ocrx_word' id='word_1_330' title='bbox 688 3235 708 3284; x_wconf 89' lang='lat' dir='ltr'><strong>is</strong></span> <span class='ocrx_word' id='word_1_331' title='bbox 719 3235 760 3284; x_wconf 91' lang='lat' dir='ltr'><strong>the</strong></span> <span class='ocrx_word' id='word_1_332' title='bbox 771 3216 857 3303; x_wconf 72' lang='lat' dir='ltr'><strong>proper</strong></span> <span class='ocrx_word' id='word_1_333' title='bbox 867 3238 988 3303; x_wconf 73' lang='lat' dir='ltr'><strong>meaning</strong></span> <span class='ocrx_word' id='word_1_334' title='bbox 996 3238 1026 3291; x_wconf 82' lang='lat' dir='ltr'><strong>of</strong></span> 
     </span>
     <span class='ocr_line' id='line_1_45' title="bbox 112 3290 836 3348; baseline 0.003 -7"><span class='ocrx_word' id='word_1_335' title='bbox 112 3294 231 3348; x_wconf 67' lang='lat' dir='ltr'><strong>madere,</strong></span> <span class='ocrx_word' id='word_1_336' title='bbox 244 3301 284 3338; x_wconf 92' lang='lat' dir='ltr'><strong>not</strong></span> <span class='ocrx_word' id='word_1_337' title='bbox 296 3290 338 3340; x_wconf 90' lang='lat' dir='ltr'><strong>the</strong></span> <span class='ocrx_word' id='word_1_338' title='bbox 348 3307 414 3341; x_wconf 90' lang='lat' dir='ltr'><strong>mere</strong></span> <span class='ocrx_word' id='word_1_339' title='bbox 425 3302 505 3341; x_wconf 85' lang='lat' dir='ltr'><strong>ectron</strong></span> <span class='ocrx_word' id='word_1_340' title='bbox 514 3293 542 3341; x_wconf 93' lang='lat' dir='ltr'><strong>of</strong></span> <span class='ocrx_word' id='word_1_341' title='bbox 554 3293 595 3342; x_wconf 88' lang='lat' dir='ltr'><strong>the</strong></span> <span class='ocrx_word' id='word_1_342' title='bbox 606 3309 678 3342; x_wconf 88' lang='lat' dir='ltr'><strong>sense</strong></span> <span class='ocrx_word' id='word_1_343' title='bbox 689 3294 717 3343; x_wconf 94' lang='lat' dir='ltr'><strong>of</strong></span> <span class='ocrx_word' id='word_1_344' title='bbox 728 3294 796 3343; x_wconf 85' lang='lat' dir='ltr'><strong>hoen</strong></span> <span class='ocrx_word' id='word_1_345' title='bbox 830 3329 836 3342; x_wconf 93' lang='lat'><strong>.</strong></span> 
     </span>
    </p>

    <p class='ocr_par' dir='ltr' id='par_1_9' title="bbox 139 3349 982 3474">
     <span class='ocr_line' id='line_1_46' title="bbox 611 3354 982 3466; baseline 0.006 -4.2"><span class='ocrx_word' id='word_1_346' title='bbox 140 3408 772 3474; x_wconf 64' lang='lat' dir='ltr'><strong>n..</strong></span> <span class='ocrx_word' id='word_1_347' title='bbox 901 3354 982 3411; x_wconf 65' lang='lat'><strong>⁹²¹¹·</strong></span> 
     </span>
    </p>
   </div>
   <div class='ocr_carea' id='block_1_4' title="bbox 0 0 1144 3772">
    <p class='ocr_par' dir='ltr' id='par_1_10' title="bbox 0 0 1144 3772">
     <span class='ocr_line' id='line_1_47' title="bbox 0 0 1144 3772; baseline 0 0"><span class='ocrx_word' id='word_1_348' title='bbox 0 0 1144 3772; x_wconf 95' lang='lat' dir='ltr'><strong> </strong></span> 
     </span>
    </p>
   </div>
  </div>
 </body>
</html>
