2274 3772
499 230 591 270 arnan
613 231 643 269 x.
964 213 1024 268 299

147 341 196 391 had
206 342 268 390 been
276 340 391 403 poisoned
398 342 431 404 by
440 340 522 397 iollas,
531 339 572 387 the
582 355 625 387 son
631 338 661 387 of
666 337 803 400 Antipater.
819 337 874 386 'I'he
883 337 1023 388 embalmed

148 408 212 471 body
221 407 243 455 is
255 407 331 454 taken
348 407 380 469 by
392 406 503 468 Ptolemy
515 411 539 453 to
557 403 688 466 Memphis,
699 404 748 452 and
760 404 901 453 atierwards
913 409 939 452 to
950 403 1022 452 Alex·

148 473 243 530 andria,
254 473 335 520 where
347 471 379 519 all
391 471 483 520 honour
495 470 516 518 is
528 470 586 532 paid
597 475 622 518 to
633 470 659 518 it

116 602 210 656 lrsnerr
231 601 287 654 lere
307 601 403 655 diebus
423 599 552 653 Cleander
572 608 598 652 et
618 598 729 652 Sitalces
748 607 775 653 et
795 615 856 652 cum
878 598 1021 667 Agathone

115 671 235 724 Heracon
256 670 452 740 superveniunt,
491 669 518 722 ui
537 668 741 735 Parmenionem
764 668 838 738 jussu
862 669 934 737 regis
952 669 1020 721 occi·

115 741 214 810 derant,
228 740 344 809 quinque
356 739 429 793 milia
440 687 560 809 peditum
579 755 641 791 cum
657 738 792 807 equitibus
802 738 894 791 mille.l
929 737 980 792 Sed
994 747 1022 792 et

116 820 285 863 accusatores
305 826 352 861 eos
369 826 385 861 e
405 808 547 878 provincia,
568 807 612 860 cui
630 806 806 877 praefuerant,
826 808 1006 877 sequebantur
1013 825 1021 876 ;

115 896 165 932 nec
194 888 232 931 tot
260 878 384 947 facinora,
410 887 472 947 quot
501 877 668 946 admiserant,
698 894 870 946 compensare
900 888 1021 946 poterant

115 947 206 1000 caedis
218 964 346 1016 perquam
359 957 448 1016 gratae
467 946 521 1014 regi
540 946 693 1000 ministerio.
729 945 833 1016 Quippe
851 963 913 999 cum
931 949 1021 1011 omnia

115 1017 223 1087 prolana
235 1016 397 1086 spoliassent,
412 1032 445 1068 ne
458 1016 540 1069 sacris
556 1016 665 1085 quidem
683 1015 882 1086 abstinuerant,2
893 1016 1021 1084 virgines·

115 1104 168 1156 que
192 1096 217 1138 et
241 1086 375 1156 principes
397 1086 564 1154 seminarum,
589 1094 679 1154 stupra
708 1102 857 1154 perpessae,
882 1102 1020 1154 corporum

115 1155 227 1208 ludibria
251 1155 392 1208 deflebant.
441 1155 560 1208 invisum
583 1154 764 1208 Macedonum
787 1171 885 1208 nomen
908 1156 1021 1208 avaritia

115 1241 207 1278 eorum
219 1242 251 1276 ac
263 1224 344 1277 libido
356 1224 475 1276 barbaris
488 1223 595 1276 lecerat.
631 1224 701 1276 Inter
712 1240 807 1276 omnes
817 1232 907 1279 tamen
920 1225 1020 1277 emine·

115 1294 161 1346 bat
173 1293 295 1347 Cleandri
312 1294 389 1363 furor,
402 1295 447 1363 qui
460 1293 577 1346 nobilem
591 1292 719 1361 virginem
736 1302 932 1363 constupratam
944 1310 1021 1346 servo

115 1380 162 1416 suo
184 1363 309 1432 pellicem
329 1361 447 1415 dederat.
492 1363 615 1431 Plerique
634 1362 781 1416 amicorum
801 1362 944 1416 Alexandri
969 1380 1020 1416 non

117 1444 170 1486 tam
188 1432 338 1501 criminum,
351 1449 421 1512 quae
438 1431 526 1501 palam
544 1431 741 1501 objiciebantur,
754 1433 925 1501 atrocitatem,
939 1449 1022 1501 quam

115 1503 271 1556 memoriam
289 1503 369 1554 occist
387 1518 434 1571 per
452 1501 511 1554 illos
528 1501 719 1570 Parmenionis,
738 1500 807 1571 quod
827 1502 947 1555 tacitum³
963 1519 1020 1571 pro-

114 1571 192 1625 desse
217 1572 268 1623 reis
288 1571 358 1640 apud
377 1588 468 1639 regem
488 1579 597 1641 poterat,
619 1571 794 1640 intuebantur,
816 1571 878 1625 laeti
896 1571 1022 1625 recidisse

115 1641 180 1694 iram
200 1637 302 1694 in'irae
320 1641 461 1709 ministros,
481 1658 531 1693 nec
551 1639 634 1693 ullam
652 1641 799 1710 potentiam
818 1640 920 1694 scelere
940 1658 1021 1710 quae·

114 1711 193 1764 sitam
206 1710 332 1779 cuiquam
344 1728 404 1762 esse
417 1709 577 1763 diuturnam.
613 1711 671 1763 Rex
687 1710 793 1778 cognita
810 1727 891 1763 cauea
910 1727 1021 1779 pronun·

115 1781 198 1850 tiavit,
213 1779 248 1832 ab
267 1779 464 1832 accusatoribus
483 1795 564 1831 unum
585 1788 612 1830 et
628 1778 655 1831 id
673 1778 821 1832 maximum
841 1779 941 1831 crimen
961 1796 1022 1832 esse

115 1850 296 1918 praeteritum,
321 1847 534 1917 desperationem
559 1847 653 1900 salutis
676 1864 740 1900 suae
749 1850 767 1899 :⁴
790 1864 924 1916 nunquam
949 1849 1022 1901 enim

116 1917 178 1970 talia
200 1919 329 1985 ausuros,⁵
352 1918 396 1986 qui
420 1917 507 1985 ipsum
527 1933 561 1968 err
581 1916 656 1968 india
675 1916 801 1994 sospitem
820 1925 866 1968 aut
886 1934 901 1967 ο
922 1926 1022 1970 tassent

116 1988 217 2050 reverti,
231 1996 277 2038 aut
289 1985 463 2038 credidissent
483 2001 657 2037 reversumm.
692 1985 773 2052 igitur
785 1984 834 2039 hos
845 1986 888 2054 qui
910 2002 954 2038 ern
966 1986 1022 2038 vin-

115 2057 159 2124 xit,
174 2056 217 2108 DC
229 2065 320 2107 autern
333 2053 465 2121 militum,⁶
477 2054 521 2132 qui
534 2054 661 2106 saevitiae
674 2070 765 2107 eorum
783 2054 896 2108 ministri
909 2055 1022 2125 fuerant,

115 2125 225 2178 interfici
235 2125 320 2194 jussit.
351 2122 454 2177 Eodem
463 2122 507 2176 dre
517 2133 652 2192 sumptum
659 2124 867 2192 estsupplicium
876 2122 910 2176 de
920 2125 952 2177 iis
959 2141 1023 2194 quo·

115 2211 175 2264 que,
189 2211 255 2262 quos
265 2202 387 2247 auctores
398 2191 555 2246 deiectionis
568 2194 706 2248 Persarum
719 2194 842 2246 Craterus
852 2193 1007 2247 adduxerat

150 2268 174 2314 2.
194 2263 271 2316 Haud
290 2263 372 2319 multo
390 2270 448 2332 post
465 2262 604 2317 Nearchus
615 2273 642 2315 et
655 2263 822 2331 Onesicritus,
836 2278 902 2332 quos
920 2262 1023 2331 longius

115 2334 141 2385 in
162 2334 297 2387 Oceanum
318 2333 460 2401 procedere
482 2331 604 2400 jusserat,
626 2330 822 2401 superveniunt.
857 2332 1021 2386 Nuntiabant

114 2411 206 2455 autem
217 2402 351 2470 quaedam
368 2400 467 2468 audita,
480 2401 533 2457 alia
544 2412 694 2470 comperta:
716 2401 831 2454 insulam
849 2402 917 2453 oetio
933 2401 1023 2454 amnis

114 2470 264 2541 subjectam
287 2488 349 2524 auro
369 2469 512 2538 abundare,
534 2473 641 2540 inopem
660 2487 788 2539 equorum
809 2486 884 2522 esse:
906 2468 1024 2537 singulos

114 2554 161 2593 ecs
183 2541 217 2593 ab
242 2542 280 2608 iis,
305 2541 351 2610 qui
375 2557 410 2592 ex
432 2539 576 2593 continenti
606 2539 726 2609 trajicere
752 2537 888 2608 auderent,
913 2539 1024 2606 singulis

115 2608 220 2662 talentis
238 2610 300 2663 emi.
337 2609 450 2662 Plenum
468 2626 527 2662 esse
544 2608 683 2662 beluarum
701 2625 789 2662 mare:
810 2618 886 2661 aestu
904 2608 1023 2661 secundo

143 2727 217 2776 ¹The
233 2730 335 2776 number
351 2727 379 2775 oi
390 2727 431 2775 the
448 2737 529 2795 troops
542 2727 622 2776 which
638 2726 680 2776 the
695 2726 805 2788 generals
821 2727 868 2776 hed
879 2728 950 2790 along
961 2729 1021 2779 with

115 2787 181 2876 ῑὴξηι
193 2787 214 2834 is
225 2787 282 2835 here
293 2786 378 2846 placed
388 2787 413 2834 in
423 2787 557 2846 apposition
569 2798 593 2835 to
604 2787 667 2835 their
678 2802 769 2871 l¹²l¹{⁶⁸·
1011 2847 1018 2868 ,

114 2845 1020 2977 n,{attrectaretis,lieriarimatia

111 2973 712 3170 {iiiii{³{tltlrlallrarlae³³
729 3022 961 3152 ‘³³³³³³⁰³
976 3031 1020 3159 ³³

142 3139 1019 3270 „tiballilli-til¹333&²{lltlliiltullllfzfttlitt

113 3256 1023 3379 llllt‘lttlltllzlt:lllittlutralltlttilfilllltltttt

105 3376 705 3559 asinae
718 3423 1058 3492 ΜΝ

155 3527 162 3541 ·
243 3528 251 3552 r
430 3533 436 3557 ‚
480 3535 486 3549 ·
531 3535 538 3549 .
