2274 3772
111 133 167 189 124
372 146 411 186 aa
434 144 541 187 oasms
563 148 748 188 accamoni.

108 257 232 309 tariorum
249 271 346 308 manus
363 263 484 334 quattuor
502 256 574 309 milia
592 255 758 326 expleverat:
782 262 888 325 preater
906 252 960 308 hos
978 255 1016 310 ΙΙΙ

109 325 226 379 miliaet
245 325 307 377 CCC
325 332 427 394 equttes
441 334 522 394 erant,
539 326 655 379 maxime
673 324 878 379 Bactrianorum.
913 324 1016 379 Bessus

108 403 235 463 praeerat,
256 393 408 446 Bactrianae
429 394 540 462 regionis
559 393 717 463 praefectus.
752 394 818 447 Cum
836 392 888 446 hoc
903 393 1016 463 agmins

109 463 216 532 paulum
229 462 371 515 declinavit
384 462 427 514 via
438 463 554 532 militari,
566 463 645 532 jussis
676 461 815 515 raecedere
826 461 889 516 lixis
900 462 1016 532 impedi·

109 541 310 600 meritorumque
321 530 482 584 custodibus.
519 532 630 585 Consilio
666 532 743 584 einde
761 531 897 599 advocato,
910 531 939 585 si
951 549 1016 587 cum

110 601 219 669 ignavis,
234 601 325 669 inquit,
338 609 365 653 et
378 600 458 668 pluris
475 601 687 669 qualemcunque
700 601 790 653 vitam¹
802 600 912 654 honesta
929 611 1015 655 morte

109 670 312 722 aestimantibus
323 669 426 722 fortuna
439 669 704 738 junxisset,.tacerem
717 671 811 739 potius,
824 686 905 771 quam
917 669 1017 723 frustra

110 739 191 791 verba
208 755 400 791 consumerem.
443 738 494 792 Sed
513 738 619 807 majore,
632 755 714 807 quam
726 739 831 808 vellem,
853 738 1015 793 documento

110 816 136 860 et
149 808 271 861 virtutem
285 815 407 888 vestram,
424 817 450 860 et
468 806 550 860 fidem
567 821 697 877 expertus,
714 808 800 876 magis
816 808 899 860 etiam
916 809 1016 862 conniti

109 876 202 945 debeo,
215 885 243 928 ut
255 877 350 944 dignus
361 877 457 930 tahbus
468 876 563 929 amicis
575 877 634 947 sim,
648 894 726 946 quam
744 876 874 946 dubitate,
887 893 920 929 an
935 877 1016 931 vestri

110 946 213 998 similes
224 945 311 998 adhuc
323 946 386 998 sitis.
417 947 459 1000 Ex
470 954 507 1003 tot
519 945 634 1015 milibus,
647 963 714 1015 qnae
726 946 775 999 sub
786 945 1016 1014 imperiofucr'out

110 1031 178 1085 meo,
199 1015 239 1068 bis
256 1015 426 1083 me-uictum,
446 1015 487 1068 bis
504 1015 650 1083 fugientem
670 1015 801 1085 persecuti
821 1015 895 1068 estis.
932 1014 1015 1069 Fides

110 1093 198 1136 vestra
209 1092 236 1136 et
248 1085 399 1154 constantia,
412 1094 441 1137 ut
454 1101 543 1152 regem
555 1102 600 1137 me
612 1101 673 1137 esse
688 1083 803 1153 credam,
816 1082 889 1137 facit.
926 1082 1014 1138 Prodi·

110 1160 179 1206 tcres
191 1163 217 1206 ct
230 1153 378 1222 transfugae
390 1157 415 1206 in
430 1153 537 1207 urbibus
547 1154 616 1207 mais
628 1161 748 1222 regnant:
768 1170 819 1206 nou
831 1151 942 1206 hercule
953 1154 1014 1223 quia

54 1279 56 1283 ,
111 1230 181 1274 tanto
199 1223 295 1276 honore
307 1223 387 1291 ¹digni
403 1223 553 1293 habentur,³
570 1221 618 1275 sed
635 1231 664 1295 ut
682 1221 806 1292 praemiis
824 1236 915 1274 eorum
933 1222 1015 1277 'uestri

110 1291 281 1345 sollicitentur
299 1292 391 1344 animi.
433 1292 526 1344 Meam
546 1291 676 1344 fortunam
696 1299 787 1344 tamen
806 1307 890 1359 quam
909 1293 1015 1346 victoris

109 1361 240 1413 maluistis
252 1360 334 1430 sequi,
346 1359 501 1429 dignissimi,
514 1361 617 1430 quibus,
630 1361 653 1413 si
664 1376 712 1429 ego
730 1376 781 1416 non
799 1360 906 1429 possim,
919 1360 958 1414 dii
970 1377 1015 1433 pro

109 1446 154 1482 me
165 1430 276 1496 gratiam
290 1429 410 1482 referant.
445 1430 478 1483 Et
490 1429 644 1483 mehercule
657 1429 777 1482 referent.
806 1428 887 1482 Nulla
899 1431 949 1483 erit
961 1439 1015 1485 tam

110 1499 188 1550 surda
235 1499 344 1567 steritas,
358 1497 429 1551 nulla
447 1507 502 1551 tam
520 1499 620 1567 ingrata
632 1499 712 1567 fama,
726 1514 794 1567 quae
805 1514 856 1550 nou
869 1499 896 1551 in
908 1500 1015 1555 coelum

110 1566 202 1624 vosde
223 1566 485 1620 itislaudibusferat.
845 1580 860 1607 ⁹

146 1641 187 1688 25.
206 1637 298 1705 ltaque
311 1636 416 1689 etiamsi
428 1636 566 1689 consilium
578 1635 665 1705 fugae,
675 1653 691 1688 a
700 1652 752 1756 qua
763 1634 877 1690 multum
890 1635 1015 1692 abhorret

110 1706 221 1775 animus,
234 1706 384 1775 agitassem,
397 1714 484 1765 uestra
496 1715 585 1760 tamen
599 1705 692 1758 virtute
706 1734 708 1739 ·
719 1713 791 1759 retus
805 1704 913 1759 obviam
922 1706 1015 1771 ‚issem

110 1774 188 1829 hosti.
223 1774 366 1844 Quousque
384 1775 457 1828 enim
469 1775 500 1837 in
509 1791 587 1844 regno
599 1773 718 1843 exulabo,
731 1781 758 1826 et
773 1790 821 1844 per
831 1775 899 1829 fines
911 1775 1015 1846 imperii

111 1845 165 1898 mei
178 1845 275 1913 fugiam
289 1858 427 1898 externum
438 1853 465 1897 et
476 1843 606 1897 advenam
619 1843 729 1911 regom?
741 1860 801 1896 cum
813 1843 895 1897 liceat
906 1853 1014 1915 experto

110 1914 175 1967 belli
194 1915 324 1968 fortunam
343 1923 388 1967 aut
409 1930 530 1993 reparare
547 1930 616 1982 quae
636 1912 720 1982 amisi,
738 1920 784 1965 aut
801 1911 912 1966 honesta
929 1922 1015 1968 morto

111 1982 238 2050 defungi.⁴
272 1984 306 2036 Ni
319 1983 384 2036 forte
396 1991 478 2035 satius
494 1992 534 2035 est
552 1991 692 2052 expectare
704 1981 809 2034 victoris
823 1981 975 2054 arbitrium,
987 1991 1015 2037 st

111 2051 217 2103 Mazaei
240 2059 267 2104 ct
290 2050 431 2104 Mithrenis
450 2051 572 2119 exemplo
611 2051 741 2103 recarium
758 2050 879 2121 accipere
901 2068 1014 2121 regnum

111 2120 222 2172 nationis
244 2120 335 2172 unius:
360 2123 399 2173 ut⁶
416 2119 471 2188 jam
490 2120 565 2172 malit
584 2068 629 2172 ille
647 2119 746 2188 gloriae
764 2135 836 2190 suae,
856 2137 939 2189 quam
960 2122 1015 2175 iras

111 2187 231 2256 obsequh
272 2189 329 2240 Nec
352 2187 388 2241 dii
411 2189 524 2256 siverint,
546 2196 574 2240 ut
595 2188 645 2241 hoc
665 2188 748 2241 decus
766 2189 822 2241 mei
844 2190 952 2258 capitis⁸
968 2199 1015 2245 aut

111 2258 218 2311 demere
231 2257 296 2310 mihi
308 2257 447 2326 quisquam
464 2265 509 2309 aut
528 2256 673 2310 condonare
689 2256 784 2326 possit:
803 2274 853 2310 nec
865 2257 917 2312 hoc
930 2261 1015 2330 impe·

111 2328 178 2380 rium
199 2329 274 2380 vivus
297 2327 425 2396 amittam,
446 2326 570 2396 idemque
590 2327 638 2379 erit
659 2327 731 2394 regni
750 2325 812 2397 mei,
832 2327 878 2397 qui
897 2329 1014 2400 spiritns,

110 2397 188 2450 finis.l
223 2397 248 2451 Si
266 2396 310 2449 hic
327 2396 439 2465 animus,
458 2395 481 2448 si
498 2395 565 2448 haec
582 2395 633 2466 lex,
652 2395 717 2449 nulli
736 2411 788 2447 non
805 2404 881 2466 parta
902 2396 1016 2452 libertas

112 2571 147 2659 G·
161 2553 269 2664 ‘Abllbel
288 2553 313 2600 in
330 2554 453 2601 whatever
471 2553 657 2601 circumstances
676 2553 694 2600 it
712 2568 768 2613 may
786 2552 816 2601 be
835 2554 923 2613 spent·
967 2555 1015 2605 See

136 2630 191 2660 ΝΜ.
273 2648 278 2660 ι

138 2681 148 2706 ²
158 2676 205 2723 For
216 2676 263 2724 this
273 2675 433 2735 subjunctive,
446 2690 486 2722 sec
500 2675 579 2723 Grata.
590 2674 604 2726 f
615 2679 666 2730 360,
679 2680 702 2732 3,
715 2684 771 2724 note
783 2679 803 2724 1.

138 2739 272 2799 'Properly
282 2742 415 2788 habeantur.
447 2739 493 2786 Sec
505 2740 602 2799 Zumpt,
615 2739 629 2791 b
640 2743 691 2789 537.

138 2809 147 2832 ⁴
159 2804 213 2851 ‘To
223 2803 278 2852 die)
310 2803 374 2851 Both
384 2813 455 2852 morte
465 2805 511 2852 and
522 2807 571 2853 vita
581 2806 680 2867 dffaagi
690 2819 734 2852 can
744 2806 773 2852 be
784 2805 845 2862 said,
857 2806 965 2856 bacauss
975 2811 1014 2858 ds·

108 2862 1014 2983 {stratlrlt'brarulthliltlrlrtatllrttlltfli,l}

109 2979 218 3031 sensoof
233 2979 323 3027 ‘dead’
873 3027 875 3031 Α
915 2959 921 2980 ’

138 3054 147 3078 ⁸
159 3044 287 3104 ‘Granting
296 3044 363 3091 that!
396 3044 451 3093 The
462 3044 515 3093 four
522 3061 606 3093 sennes
617 3045 641 3093 in
652 3045 730 3093 which
741 3054 767 3093 ut
778 3045 900 3106 regularly
907 3062 1013 3108 governs

112 3106 151 3154 the
167 3103 318 3164 subjanctive
329 3117 377 3157 are,
393 3104 431 3151 ‘in
441 3103 511 3151 order
520 3104 591 3159 that,’
607 3109 648 3151 ‘so
659 3104 729 3159 that,'
745 3105 870 3166 ‘granting
880 3105 953 3163 that,’
965 3108 1013 3158 and

113 3164 191 3214 ‘how’
204 3163 228 3210 in
239 3177 269 3210 an
279 3161 377 3209 indirect
388 3163 506 3221 question.
537 3163 584 3210 Sec
597 3163 677 3212 Grcm.
689 3163 763 3219 lm,
775 3173 831 3212 note
844 3168 864 3213 1.

137 3235 146 3261 ⁸
158 3227 272 3287 Namely,
285 3227 327 3274 thc
337 3228 432 3282 cidaris,
444 3242 472 3274 or
480 3227 577 3287 upright
588 3227 654 3275 tiara.
686 3228 733 3276 See
744 3228 776 3276 iii.
787 3232 810 3276 8.

138 3293 218 3353 '‘My
233 3300 390 3360 government
406 3291 456 3338 will
471 3291 517 3340 end
533 3291 592 3339 with
608 3307 649 3372 mp
664 3292 748 3341 breath
764 3292 825 3348 (that
841 3292 871 3350 is,
889 3292 965 3353 lisois
987 3294 1011 3346 ‘l

108 3352 172 3402 shall
181 3367 251 3402 cause
262 3356 287 3400 to
297 3349 345 3399 lrvc
355 3349 426 3398 when
436 3349 448 3398 l
459 3365 528 3398 cesse
539 3359 565 3398 to
575 3348 634 3399 rulc.
676 3350 723 3401 See
734 3350 832 3421 Zumpt,
845 3351 922 3405 blot.
