2274 3772
110 186 169 242 310
377 203 416 242 na
440 204 549 245 uraris
570 203 755 245 annonas

110 312 172 375 quod
183 328 227 376 pru
241 312 300 361 hero
316 330 361 361 sno
377 320 556 375 anteceperaut,
567 314 717 377 Hephaestio
732 311 894 375 proturbavit,
907 318 933 358 ut
996 312 1003 321 '

111 378 202 426 tibicen
218 393 247 427 eo
264 379 419 441 reciperetur.
452 378 538 442 Neque
555 380 632 428 multo
649 386 779 442 puteum
795 378 851 441 jam
870 375 958 438 sopita
1008 375 1018 386 ‘

110 443 256 504 riderentur,
266 460 329 492 mra
340 451 423 492 crona
434 446 588 493 mentione
600 447 661 493 adeo
671 445 853 500 aecrudmunt,
863 448 894 489 ut
912 443 995 488 etiarn
1005 441 1034 488 in

112 514 181 556 atrox
199 510 311 575 jurgium
332 521 359 559 et
380 511 471 559 acerba
491 511 603 573 utrinqne
621 511 730 559 enuncia
748 515 947 571 prorumperent.
982 507 1032 554 Sed

112 574 246 623 Alexandri
269 576 408 624 interventu
429 577 577 638 imperioque
599 576 745 624 inimicitiae
763 573 852 620 saltem
871 572 901 620 in
919 572 1032 634 specim

112 640 215 689 abolitae
226 650 295 689 runt:
313 657 369 689 curo
381 641 421 689 ille
432 642 530 704 quidem
543 641 720 703 llephaeatioui
737 640 814 688 etiam
832 638 946 685 mium
957 644 1033 694 eset,

112 706 153 769 qui
166 707 191 753 in
202 705 396 771 flagrantissima
407 707 472 771 regis
483 708 564 770 gratia
575 707 676 768 positus,
686 720 836 768 quamquam
853 704 978 766 cupidum
996 719 1032 750 re-

113 772 291 820 conciliationis
303 772 448 831 Eumenem,
458 772 605 834 pertinacius
616 773 779 820 aversabatur.

146 838 288 885 Perremum
301 838 388 886 deinde
401 845 439 886 ert
455 839 481 885 in
499 837 598 885 Mediae
610 854 717 900 campos,
727 838 770 885 nbi
786 834 893 882 maximi
910 850 1031 896 man

113 918 201 967 greges
218 904 385 965 pascebantur.
419 903 523 951 Nisaeos
540 905 668 965 appellant,
678 902 849 966 magnitulina
860 908 888 947 et
898 901 983 962 speeie
994 900 1031 947 in-

114 971 205 1032 signes.
238 969 315 1031 Supra
331 970 508 1033 quinquaginta
524 970 593 1016 milia
605 969 639 1017 ibi
651 976 754 1030 reperta,
764 983 821 1015 cum
839 966 987 1014 Alexander
1001 981 1032 1013 eo

115 1035 238 1092 transiret,
246 1050 261 1081 a
270 1035 399 1082 comitibus
408 1035 474 1082 illius
485 1041 628 1083 annotatum
640 1042 691 1082 est:
703 1034 762 1081 olim
770 1032 843 1094 triplo
851 1031 938 1093 plures
947 1032 1031 1087 fni-r,

115 1100 157 1146 scd
170 1100 233 1148 inter
244 1100 359 1148 bellorum
371 1101 453 1148 turbas
465 1101 598 1148 maximam
610 1116 694 1148 eorum
705 1106 800 1161 partem
817 1098 961 1159 praedones
976 1098 1030 1144 abe-

115 1165 189 1225 gisse.
221 1167 260 1214 Ad
273 1165 376 1229 triginta
393 1166 445 1213 dier
462 1166 497 1213 ibi
514 1166 622 1214 substitit
638 1181 688 1214 rex.
720 1164 759 1212 Eo
777 1166 912 1225 Atropatea
931 1162 1030 1211 Hediae

115 1238 212 1293 satrapa
224 1239 321 1279 centum
335 1232 451 1279 barbam
461 1232 577 1279 mulieres
588 1231 697 1289 adduxit,
703 1229 830 1293 equitandi
838 1229 942 1290 peritas,
950 1228 1029 1291 peltis-

116 1311 162 1359 sque
174 1305 198 1344 et
215 1297 341 1345 securibus
358 1305 480 1345 armatas:
497 1297 562 1346 unde
578 1297 679 1359 quidam
696 1296 862 1353 crediderunt,
872 1295 1028 1342 Amanum

116 1377 146 1410 cx
157 1370 231 1426 gente
242 1362 356 1424 reliquiar
365 1362 449 1410 fuisse.
477 1362 593 1424 Septimia
601 1363 688 1410 deinde
697 1361 785 1409 matris
794 1361 931 1408 Ecbatana
940 1358 1030 1423 attigit,

117 1426 215 1476 Mediae
227 1435 307 1489 capnt
340 1426 378 1475 lbl
390 1428 518 1475 sollemnia
535 1427 583 1475 diis
600 1428 721 1476 sacrificia
732 1427 799 1483 fecit,
810 1426 929 1488 ludusque
945 1425 1030 1479 edidit

116 1500 140 1538 et
153 1493 177 1538 in
190 1492 301 1541 convivia
312 1492 431 1555 festosque
443 1494 496 1540 dics
507 1492 599 1541 laxauit
615 1493 736 1551 anirnuur,
746 1499 775 1540 ut
790 1508 849 1540 mox
865 1491 896 1540 in
913 1505 1027 1538 nurerum

116 1573 213 1619 operum
232 1573 316 1605 curam
335 1565 406 1619 atque
425 1556 562 1606 ministeria
580 1559 683 1606 validior
701 1558 879 1607 intenderetur,
913 1557 963 1604 Sed
981 1556 1027 1602 ista

117 1622 256 1679 volventem,
264 1622 328 1669 velut
340 1622 430 1686 injecta
441 1623 610 1681 maculatum
621 1624 671 1672 alio
679 1624 761 1681 traxit,
767 1623 895 1684 viamque
904 1622 1030 1670 earnem

62 1692 65 1697 '
116 1688 251 1735 amicorum
263 1689 408 1751 cjus‚ucque
420 1687 497 1734 multo
508 1695 563 1749 post
574 1689 620 1750 ipsi
632 1705 724 1752 quoqne
735 1688 789 1751 regi
799 1688 913 1735 extorsit.
939 1687 1029 1735 Pura

117 1755 141 1802 in
149 1753 228 1801 stadio
235 1758 357 1800 certantes
364 1754 497 1815 spectabat,
503 1768 558 1801 cum
567 1754 694 1803 nunfiatur
703 1754 804 1802 deficere
812 1753 1028 1814 Hephaestionem,

116 1819 155 1883 qui
168 1820 251 1867 morbo
261 1834 291 1866 ex
303 1818 403 1879 crapula
414 1825 539 1867 contracto
555 1819 685 1881 septimum
701 1821 754 1885 jam
772 1819 839 1866 diem
857 1818 1028 1866 decumbebat

118 1884 252 1934 Exterritus
264 1883 339 1932 amici
351 1884 457 1946 periculo
474 1885 555 1932 statim
576 1887 709 1948 consurgit,
719 1892 743 1932 et
761 1885 792 1932 ad
810 1883 949 1944 hospitium
966 1883 1028 1931 nlius

118 1951 228 2000 celeriter
241 1950 332 2013 pergit:
350 1965 428 2011 neque
440 1956 523 1998 tamen
536 1952 602 2013 prius
614 1967 643 1998 eo
652 1950 769 2012 pervenit,
780 1965 855 2012 quam
874 1949 948 1996 illurn
966 1965 1028 1995 mors

117 2025 265 2078 occupasset
299 2015 328 2062 ld
346 2016 397 2079 regi
415 2016 532 2074 omnium,
544 2032 606 2078 quae
624 2016 650 2062 in
662 2016 712 2063 vita
723 2015 862 2077 pertulerat,
873 2016 1027 2062 advenarum

118 2081 325 2129 luctuosissimum
346 2081 466 2128 accidisse
485 2089 578 2129 certum
601 2081 712 2138 habetur,
730 2096 833 2141 cumque
856 2080 1028 2143 magnitudine

117 2147 205 2194 doloris
223 2146 248 2192 in
271 2146 387 2193 lacrimas
408 2153 433 2193 ct
456 2146 564 2194 lamenta
581 2147 679 2203 victum,
696 2146 773 2193 multa
795 2145 874 2192 animi
898 2147 930 2192 de
953 2146 1028 2209 gradu

118 2211 205 2275 dejecti
228 2217 375 2273 argumenta
398 2212 511 2259 edidisse.
547 2213 595 2259 Sed
617 2227 647 2258 ea
669 2212 769 2273 quidem
790 2211 857 2258 ruric
888 2211 1029 2258 traduntur:

118 2277 176 2324 illud
198 2275 262 2323 inter
283 2290 367 2322 omncs
391 2283 493 2334 constat,
512 2286 540 2324 ut
561 2293 634 2338 quam
659 2276 845 2324 decentissimas
867 2277 987 2337 exequias
1006 2276 1028 2323 ei

117 2345 223 2398 duceret,
235 2340 339 2388 noluisse
352 2338 486 2389 Ecbatanis
498 2342 604 2403 sepeliri,
616 2344 657 2390 sed
670 2342 829 2404 Babylonem,
840 2357 889 2402 quo
907 2341 959 2402 ipse
977 2357 1029 2389 con

118 2423 229 2455 sessurus
247 2413 306 2464 crat,
318 2422 333 2453 a
350 2405 469 2454 Perdicca
488 2408 575 2455 deferri
596 2423 709 2455 curasse:
727 2408 807 2468 ibique
826 2406 902 2453 funus
920 2407 1030 2454 inaudito

117 2474 222 2521 antelmo
234 2471 342 2535 exemplo
354 2471 482 2520 duodecim
502 2473 621 2521 talentum
640 2473 739 2520 milibus
758 2472 883 2519 locavisse.
919 2471 968 2520 Per
978 2473 1030 2521 uni·

117 2554 212 2586 rursum
224 2545 287 2587 certe
300 2538 429 2600 imperium
442 2538 520 2602 lugeri
531 2555 586 2586 eum
601 2539 688 2602 jussit:
706 2544 778 2585 etue
795 2537 916 2584 memoria
934 2539 987 2602 ejus
1004 2537 1029 2585 iu

117 2604 225 2651 (mereim
248 2605 400 2662 exolesceret,
418 2604 545 2666 equitibus,
563 2604 617 2665 quis
636 2603 780 2665 praefircrat,
798 2602 892 2649 nullum
913 2603 1030 2663 pracfecit

117 2669 212 2726 ducem,
224 2670 266 2716 sed
278 2668 465 2732 Hephaestionis
477 2669 542 2716 alum
554 2669 671 2730 appellari
683 2669 764 2726 voluit,
774 2674 800 2714 ct
815 2683 877 2728 quae
896 2667 940 2716 ille
957 2668 1029 2734 signa

117 2733 270 2793 instituisset,
277 2751 307 2782 ca
315 2750 363 2782 non
372 2734 504 2783 immutari.
533 2733 657 2782 Funebria
667 2734 803 2781 certamina
811 2733 939 2794 ludosque,
948 2736 1029 2797 quales

116 2813 241 2859 nunquam
253 2800 313 2847 editi
325 2800 435 2857 luissent,
446 2800 585 2857 meditatus,
594 2800 642 2847 tria
654 2799 774 2847 artificum
786 2798 856 2846 milia
873 2800 972 2862 coegit:
989 2799 1029 2861 qui

117 2878 165 2910 non
176 2863 253 2911 multo
265 2872 319 2925 post
328 2865 353 2912 in
362 2865 439 2927 ipsius
448 2865 555 2927 exequiis
565 2871 671 2912 certasse
684 2866 800 2912 seruntur.
828 2862 882 2911 Nec
891 2865 969 2912 amici
978 2873 1029 2913 tam

116 2928 193 2976 effuso
205 2927 295 2977 affectu
307 2931 338 2977 ad
350 2930 527 2978 conciliandum
541 2932 592 2994 ejus
604 2931 711 2994 gratiam
730 2930 837 2992 segniter
855 2929 902 2987 usi,
915 2930 1028 2977 certatim

116 3009 248 3056 repperere,
260 3009 302 3056 per
313 3010 374 3057 quae
386 2996 505 3043 memoria
517 2995 625 3044 defuncti
642 2995 729 3043 clarior
746 2995 935 3056 honoratiorque
955 2995 1030 3043 fieret.

117 3060 195 3124 igitur
207 3059 338 3118 Eumenes,
351 3076 406 3107 cum
425 3078 450 3108 se
467 3063 497 3108 ob
516 3061 665 3108 simultatem
684 3077 740 3108 cum
759 3060 944 3121 Hephaestione
963 3060 1030 3125 regis

116 3125 309 3189 indignationem
319 3124 450 3173 incurrisse
460 3127 583 3184 sensisset,
592 3127 675 3174 multis
685 3132 769 3174 auctor
779 3125 833 3182 fuit,
842 3141 915 3189 seque
926 3135 951 3176 et
960 3141 1031 3175 arma

115 3207 160 3237 rua
184 3190 360 3254 Hephaestioni
384 3192 551 3250 consecrandi,
575 3191 737 3253 pecuniasque
761 3191 793 3238 ad
817 3191 1030 3240 cohonestandum

115 3255 187 3304 sunus
200 3257 268 3321 large
287 3255 394 3304 contidit
428 3257 482 3304 Hoc
501 3258 637 3317 exemplum
658 3256 747 3305 imitati
766 3261 824 3304 sunt
843 3258 936 3306 ceteri:
955 3272 1031 3319 eoque

114 3335 171 3369 mox
176 3323 295 3386 processit
302 3320 490 3370 assentationem
499 3321 656 3384 impudentia,
663 3328 691 3370 ut
697 3322 750 3387 regi
758 3337 867 3370 maerore
874 3329 900 3371 et
908 3322 1033 3372 desiderio

108 3386 220 3441 defuncti
232 3388 373 3443 insanienti
383 3403 531 3454 persuasum
539 3386 737 3444 nudemiuer'n,
744 3388 818 3433 heum
831 3403 887 3434 ease
903 3389 1031 3450 Hephaes-
