2274 3772
482 217 574 256 ursan
593 218 624 256 x.
949 200 1006 263 307

103 343 192 383 cerem
210 325 237 378 in
254 325 355 394 Asiam,
367 326 466 379 multas
484 325 585 379 nobiles
601 333 702 395 gentes,
717 342 844 395 magnam
856 325 912 379 rim
924 323 1007 383 homi·

102 413 167 451 num
191 396 301 466 imperio
324 412 385 449 meo
414 411 458 448 me
481 395 632 447 additurum
665 412 725 447 esse
757 395 905 465 sperabam.
949 394 1008 447 Nec

103 466 232 534 deceptus
250 482 318 534 sum,
331 465 401 533 quod
414 464 448 516 de
461 463 503 516 his
521 464 622 516 credidi
638 464 736 517 famae.
772 463 824 518 Sed
842 465 874 517 ad
894 464 940 516 illa
957 461 1008 516 hoo

102 551 206 604 quoque
218 535 339 602 accessit,
353 533 424 603 quod
436 533 512 586 video
524 533 606 586 fortes
616 533 687 586 viros
698 551 761 602 erga
778 551 855 602 reges
873 551 935 586 suos
971 532 1007 586 ie·

102 606 163 658 tatis
175 604 299 657 invictae.
335 604 408 656 Luxu
422 605 512 656 omnia
528 603 611 655 fluere
629 602 803 673 credideram,
817 612 843 656 et
856 604 939 656 nimia
951 551 1008 655 litli-

102 675 182 727 citate
194 673 279 741 mergi
291 673 317 725 in
330 673 487 741 voluptates.
524 674 559 724 At
572 671 704 725 hercules¹
718 673 809 726 munia
827 672 938 726 militiae
958 671 1008 725 hoo

102 745 253 797 animorum
276 759 467 811 corporumque
485 741 576 794 robore
595 743 692 811 aeque²
709 743 820 811 impigre
839 741 955 794 toleratis
982 750 1009 794 et

102 830 165 866 cum
183 813 263 864 sortes
280 811 329 864 viri
352 811 417 880 sitis,
437 827 488 864 non
513 809 692 864 fortitudinem
712 813 805 879 magis,
826 828 906 881 quam
926 780 1009 864 fidem

102 882 199 936 colitis.
237 881 434 949 llocegonunc
466 880 563 932 timum
575 880 704 951 profiteor,
718 881 764 932 sed
781 881 842 934 olim
856 882 920 933 scio.
956 880 1009 933 lta·

102 968 155 1020 que
176 959 202 1002 et
222 949 356 1003 delectum
377 966 392 1002 e
412 898 488 1002 vodis
506 948 639 1019 juniorum
662 949 751 1017 habui,
773 960 800 1003 et
821 968 867 1004 vos
887 966 1009 1003 meorum

103 1020 217 1073 militum
242 1020 353 1088 corpori⁸
375 1019 517 1071 immiscui.
564 1019 639 1071 Idem
668 1018 784 1089 habitus,
809 1019 904 1072 eadem
935 1034 1010 1071 arma

103 1096 163 1141 sunt
176 1089 264 1141 vobis:
284 1088 441 1157 obsequium
454 1104 515 1140 vero
534 1096 560 1140 et
578 1088 706 1157 patientia
724 1089 827 1157 imperii
845 1089 922 1155 longe
934 1105 1009 1156 prae-

103 1159 211 1210 stantior
223 1167 270 1225 est,
284 1175 365 1226 quam
377 1158 482 1210 ceteris.
518 1158 588 1225 Ergo
601 1158 658 1226 ipse
670 1158 793 1226 Oxyartis
811 1158 908 1211 Persae
926 1157 1010 1208 filiam

103 1244 211 1280 mecum
236 1228 261 1278 in
286 1227 451 1280 matrimonio
477 1227 560 1296 junxi,
584 1243 636 1279 non
665 1226 824 1295 dedignatus
848 1245 881 1279 ex
904 1225 1010 1294 captiva

103 1296 199 1349 liberos
210 1295 310 1349 tollere.
346 1295 413 1349 Mox
429 1296 526 1349 deinde
535 1313 606 1348 cum
625 1295 733 1364 stirpem
745 1295 853 1364 generis
864 1295 917 1347 mei
931 1294 1012 1346 latius

102 1382 247 1435 propagare
265 1381 399 1434 cuperem,
413 1382 523 1426 uxorem
540 1365 619 1418 Darei
637 1364 720 1417 filiam
738 1365 821 1418 duri⁴
833 1365 1009 1434 proximisque

102 1436 248 1488 amicorum
268 1445 360 1488 auctor
379 1432 418 1487 sui
438 1452 471 1488 ex
490 1433 604 1503 captivis
622 1434 768 1503 generandi
782 1403 894 1487 lilreros:
913 1442 943 1484 ut
960 1432 1010 1485 hoc

102 1521 177 1556 sacro
196 1504 303 1557 foedere
322 1521 401 1557 omne
420 1504 563 1557 discrimen
582 1503 646 1563 victi
665 1512 691 1556 et
707 1504 814 1557 victoris
828 1503 1010 1557 excluderem.

102 1571 213 1626 Proinde
233 1574 335 1642 genitos
354 1591 414 1626 esse
433 1591 481 1627 vos
498 1572 573 1643 mihi,
593 1590 645 1626 nou
665 1575 762 1636 ascitos
780 1573 878 1626 milites
900 1571 1009 1624 credite.

101 1644 182 1696 Asiae
206 1653 233 1695 et
257 1644 378 1712 Europae
401 1660 484 1696 unum
507 1652 588 1711 atque
612 1641 684 1696 idem
702 1651 882 1712 regnumest.
917 1642 1010 1694 Mace-

101 1712 200 1765 donum
224 1710 300 1765 vobis
319 1729 394 1765 arma
413 1713 456 1765 do.
491 1712 641 1765 inveteravi
661 1713 826 1781 peregrinam
847 1711 1012 1780 novitatem,⁶

101 1791 128 1833 et
141 1782 215 1834 cives
232 1783 287 1834 mei
305 1781 371 1834 estis
389 1791 416 1834 et
434 1781 541 1834 milites.
578 1781 672 1835 Omnia
690 1781 805 1834 eundern
825 1782 924 1833 ducunt
942 1779 1011 1831 colo·

101 1868 173 1903 rem:
193 1867 243 1903 neo
256 1851 344 1903 Persis
355 1851 536 1902 Macedonum
554 1866 656 1902 morem
673 1849 831 1901 adumbrare
849 1866 900 1902 neo
918 1850 1010 1901 Mace·

101 1918 215 1971 donibus
244 1919 339 1970 Persas
367 1920 462 1971 imitari
491 1918 655 1971 indecorum.
699 1917 828 1987 Ejusdem
857 1917 923 1986 juris
951 1916 1011 1969 esse

102 1987 209 2056 debent,
222 1988 267 2057 qui
280 1987 330 2039 sub
343 1987 439 2040 eodem
451 2004 513 2055 rege
527 1987 620 2039 victuri
632 1996 693 2039 suut
729 1989 747 2023 *
783 1988 801 2022 *
837 1988 854 2022 ¹*

463 2137 651 2172 mansurum.

135 2235 201 2297 [Hac
209 2236 316 2285 oratione
324 2235 414 2294 habits,
420 2235 502 2284 Persis
508 2235 615 2298 corporis
623 2236 660 2284 sui
667 2236 802 2301 custodiam
810 2234 920 2296 credidit,
924 2236 1012 2286 Persas

102 2300 226 2359 satellites,
233 2300 322 2348 Persas
328 2302 478 2364 apparitores
485 2301 549 2349 fecit
566 2300 677 2364 Perquos
683 2317 739 2350 cum
747 2301 902 2360 Macedones,
909 2301 949 2364 qui
955 2301 1012 2350 huic

102 2365 216 2414 seditioni
223 2367 377 2415 occasionem
386 2367 516 2424 dedissent,
521 2366 597 2414 vincti
605 2367 634 2424 ad
643 2367 762 2430 supplicia
768 2367 928 2424 traherentur,
936 2382 1012 2414 unum

101 2429 182 2490 exiis,
194 2432 336 2479 auctoritate
348 2437 373 2479 et
384 2438 463 2479 aetate
475 2444 583 2496 gravem,
595 2430 626 2479 ad
637 2447 720 2496 regem
733 2432 768 2478 ita
778 2431 885 2479 locutum
898 2431 1007 2495 feruntrl

140 2549 179 2595 13.
198 2543 349 2612 Quousque,
370 2543 462 2612 inquit,
481 2543 571 2595 animo
593 2550 637 2596 tuo
657 2543 738 2595 etiam
759 2558 807 2613 per
826 2541 962 2612 supplicia,
983 2550 1012 2596 et

104 2613 215 2682 quidem
231 2613 338 2680 ,externi
357 2612 456 2680 moris,⁰
475 2612 648 2680 obsequerisl
684 2612 786 2665 Milites
806 2612 851 2680 tui,
872 2612 946 2664 cives
966 2610 1011 2683 tui,

134 2730 179 2777 ιΙῐι
190 2729 338 2777 invocations
349 2728 390 2775 the
402 2727 511 2775 vocative
522 2727 626 2775 Hercule
636 2742 720 2775 occurs
731 2741 797 2774 more
808 2725 952 2786 frequently.

133 2789 231 2848 2Aeque
240 2791 371 2838 animorum
382 2796 402 2835 et
415 2793 499 2848 (atque)
509 2803 629 2848 corporum
639 2802 679 2834 are
690 2785 830 2833 connected.

134 2855 143 2878 ³
154 2848 218 2896 Here
227 2863 264 2896 we
274 2847 323 2895 lind
334 2847 375 2894 the
386 2846 497 2906 origines
504 2846 545 2893 the
555 2845 634 2893 words
648 2846 740 2904 ‘corps'
751 2844 796 2893 and
807 2845 979 2905 ‘corporation'
988 2845 1012 2893 iu

105 2907 205 2957 modern
217 2907 356 2967 languages.
389 2905 475 2953 Cicero
486 2904 544 2952 does
555 2914 597 2952 not
608 2919 652 2952 use
662 2921 745 2966 eorpus
756 2903 781 2951 in
791 2903 839 2952 this
851 2920 922 2952 sense
938 2904 966 2952 ol
980 2909 986 2930 ⁴
996 2919 1011 2951 a

105 2965 247 3016 divisiones
259 2965 300 3013 the
342 2964 416 3023 ople‚’
430 2968 472 3013 but
484 2963 594 3023 employa
605 2963 641 3011 sor
651 2963 670 3010 it
680 2965 743 3011 ordo.
800 3008 804 3015 ,

134 3033 143 3054 ⁴
154 3026 203 3073 She
215 3041 266 3073 was
277 3024 314 3072 cal
324 3023 354 3071 ed
366 3023 475 3079 Barsine,
489 3039 524 3079 or,
537 3021 665 3082 according
675 3032 701 3070 to
711 3022 781 3071 other
792 3022 899 3078 authors,
912 3021 958 3069 had
970 3020 1011 3068 the

105 3101 172 3134 samo
184 3100 253 3132 name
265 3099 292 3131 as
303 3083 347 3130 her
357 3083 459 3138 mother,
474 3081 570 3129 Statira.
603 3081 702 3130 Curtius
718 3090 783 3130 must
799 3081 861 3129 have
875 3080 968 3140 spolren
984 3079 1012 3127 ol

104 3145 154 3193 this
171 3144 288 3203 marriage
304 3141 392 3194 (which
408 3141 466 3188 toolr
483 3141 550 3200 place
567 3139 653 3201 during
664 3140 827 3188 Alexander's
838 3149 892 3198 stay
903 3140 927 3185 in
939 3139 1010 3195 Susa,

105 3203 166 3252 alter
177 3204 215 3251 his
226 3214 306 3250 return
318 3200 378 3248 from
391 3201 468 3255 India)
479 3201 503 3247 in
515 3200 555 3247 the
567 3209 619 3259 part
631 3199 658 3248 os
665 3199 703 3247 his
714 3199 807 3260 history
818 3199 869 3246 that
881 3199 901 3245 is
911 3198 958 3245 lost
969 3199 1011 3247 be·

105 3274 184 3310 tween
196 3263 307 3321 chapters
319 3264 332 3308 6
343 3260 389 3307 and
400 3265 415 3309 7
425 3259 453 3306 os
464 3259 513 3306 this
524 3259 597 3306 book.

134 3330 142 3353 ⁶
153 3321 219 3370 That
231 3322 261 3377 is,
275 3327 280 3346 ‘
291 3322 323 3380 by
332 3320 414 3380 giving
426 3330 450 3366 to
462 3334 518 3378 you,
529 3334 577 3366 raw
588 3318 689 3366 reoruits
700 3333 727 3365 as
738 3333 786 3377 you
794 3331 842 3369 are,
856 3314 898 3362 the
909 3313 1010 3363 armsos

104 3395 146 3440 my
157 3381 196 3428 old
208 3380 310 3428 soldiers
319 3379 360 3426 the
368 3376 551 3435 Macedoniam,
559 3377 573 3426 l
580 3371 1023 3436 haremaaeyensttsetatexmssr

131 3450 141 3473 '
152 3444 205 3493 The
214 3447 357 3508 ruppleiom
369 3446 462 3495 menri
471 3445 545 3495 moria
555 3443 676 3495 reiterato
685 3431 1057 3495 deamonmmuam'*
