2274 3772
503 154 596 197 uraca
615 154 642 194 r.
961 139 1020 194 -111

154 269 195 317 10.
213 263 336 333 Mitigato
355 263 443 316 animo
463 260 529 333 ejus,
551 279 598 316 rex
617 264 716 331 quartis
735 264 829 317 castris
848 263 1022 333 pervenitad

117 333 219 402 Tigrim
238 333 365 386 fluvium:
391 333 540 401 Pasitigrim
558 333 660 384 incolae
677 341 786 386 vocant:
803 333 886 385 oritur
904 333 929 390 in
948 349 1022 387 mon·

119 401 189 455 tibus
206 403 341 471 Uxiorum,
361 411 388 454 et
408 419 454 471 per
474 403 495 454 L
515 401 601 454 stadia
622 402 787 454 silvestribus
809 402 872 471 ripis
894 419 1023 472 praeceps

118 472 186 524 inter
205 488 269 524 saxa
289 470 444 524 devolvitur.
480 471 620 539 Accipiunt
640 470 738 523 deinde
759 488 821 523 eum
840 473 935 539 campi,
956 489 1022 541 quos

116 540 287 593 clementiore
307 541 383 593 alveo
403 541 535 619 praeterit,
553 540 734 609 jamnerium
752 541 863 610 patiens.
899 542 1022 593 Desunt

117 610 203 662 stadia
221 611 346 662 mollioris
364 609 418 679 solr,
438 625 485 679 per
503 607 574 677 quod
593 609 647 661 leni
665 616 750 661 tractu
769 625 897 689 aquarum
918 611 1022 662 Persico

117 680 182 731 mari
195 695 225 730 se
237 679 358 731 insinuat.
389 681 477 730 Amne
486 686 615 746 superato,
630 695 690 730 curn
700 679 736 730 IX
743 678 852 731 milibus
863 679 982 748 pediturn
995 688 1022 731 et

116 748 240 814 Agrianis
259 748 453 815 sagittariisque
473 755 500 798 et
517 748 678 800 Graecorum
698 747 918 800 mercenariorum
940 749 1023 800 tribus

115 817 230 886 milibuS,
250 817 347 869 additis
367 816 498 868 Thracum
518 815 599 884 mille,
612 817 639 868 in
658 817 793 884 regionem
810 817 946 870 Uxiorum¹
964 835 1022 886 per·

116 887 198 938 venit.
236 886 362 939 Finitima
380 886 454 938 Susis
467 893 519 955 est,
533 893 560 937 et
578 885 607 938 in
624 886 739 955 primam
750 884 888 939 Persidem
900 888 1021 956 excurrit,

115 962 201 1007 artum
215 955 283 1007 inter
295 972 323 1007 se
336 967 362 1007 et
375 955 498 1007 Susianos
509 953 613 1007 aditum
631 953 790 1024 relinqueris.
825 955 950 1008 Medates
967 965 1022 1009 erat

116 1025 231 1090 regionis
253 1023 410 1092 praefectus,
436 1023 506 1076 haud
530 1040 594 1075 sane
618 1025 776 1092 temporum¹
798 1023 894 1094 bomo,
923 1026 1022 1094 quippe

115 1093 211 1145 ultima
223 1093 333 1161 pro-fide
342 1091 458 1161 experiri
470 1092 633 1145 decreverat.
663 1093 714 1146 Sed
726 1093 804 1163 periti
816 1093 932 1148 locorum
944 1095 1022 1147 Alex-

114 1162 231 1214 andrum
242 1161 344 1230 docent,
358 1161 491 1214 0ccultum
504 1162 559 1214 -iter
576 1179 636 1214 esse
654 1179 701 1233 per
718 1163 801 1216 calles
814 1171 841 1216 et
853 1179 976 1216 aversum
988 1164 1022 1216 ab

115 1232 198 1284 urbe:
218 1231 242 1282 si
260 1247 358 1301 paucos
374 1231 490 1283 misisset
510 1231 604 1284 leviter
621 1240 743 1301 armatos,
762 1247 842 1301 super
858 1232 945 1300 capita
964 1231 1022 1285 hos

115 1301 183 1352 tium
204 1317 337 1352 evasuros.
373 1301 442 1353 Curn
460 1300 602 1353 consilium
621 1300 772 1370 placuisset,
794 1300 877 1354 iidem
897 1302 1023 1356 itinerum

116 1369 222 1422 fuerunt
239 1369 331 1422 duces.
367 1369 437 1422 Met
449 1369 474 1422 D
485 1369 610 1422 mercede
624 1370 748 1423 conducti
763 1377 790 1422 et
802 1369 912 1438 Agriani
924 1370 979 1423 fere
991 1372 1023 1426 M

115 1439 229 1490 Tauroni
249 1438 384 1508 praefecto
403 1438 465 1506 dati,
487 1456 520 1492 ao
539 1448 597 1508 post
621 1440 683 1492 solis
706 1456 832 1492 occasum
852 1439 903 1492 iter
921 1440 1023 1509 ingredi

114 1507 190 1576 jussi.
226 1509 287 1576 lpse
299 1507 377 1560 tertia
388 1508 479 1576 vigilia
497 1509 589 1561 castris
605 1511 685 1561 motis
703 1509 773 1562 circa
792 1508 859 1561 lucis
876 1517 962 1562 ortum
980 1526 1022 1562 su·

115 1586 189 1647 perat
205 1578 351 1645 angustias,
372 1593 505 1647 caesaque
527 1578 640 1630 materia
659 1578 776 1631 cratibus
795 1586 823 1631 et
842 1577 940 1647 pluteis
959 1579 1022 1631 saci·

115 1646 211 1715 undis,³
230 1655 258 1698 ut
278 1647 324 1716 qui
347 1655 431 1699 turres
451 1647 632 1700 admoverent.
644 1657 718 1700 extra
739 1646 784 1700 teli
802 1646 904 1717 jactum
924 1657 1020 1717 essent,

115 1715 210 1768 urbem
232 1716 354 1768 obsidere
377 1715 473 1784 coepit.
516 1717 660 1784 Praerupta
683 1725 756 1769 erant
779 1717 876 1786 omnia,
901 1719 972 1769 saxis
995 1726 1022 1770 et

115 1784 229 1838 cotibus⁴
240 1785 374 1854 impedita.
409 1785 505 1838 Multis
517 1801 579 1854 ergo
590 1785 744 1839 vulneribus
759 1785 872 1855 depulsi,
885 1795 914 1839 ut
926 1786 1024 1855 quibus

115 1869 166 1907 uon
179 1870 241 1906 curn
253 1854 329 1906 hoste
342 1854 435 1922 solum,
449 1854 496 1907 sed
509 1855 592 1907 etiam
604 1871 666 1907 cum
678 1854 734 1906 loco
746 1854 928 1907 dimicandum
941 1864 1020 1923 esset,

116 1923 240 1976 subibant
253 1931 350 1992 tamen,
362 1924 425 1993 quia
437 1939 485 1976 rex
499 1923 567 1976 inter
578 1923 677 1992 primos
688 1923 848 2003 constiterat,
861 1923 1023 1992 interrogans

115 2000 153 2045 tot
172 1992 278 2046 urbium
299 1993 419 2062 uictores,
440 2008 475 2046 an
495 1991 688 2044 erubescerent
705 1991 815 2044 haerere
839 2009 866 2044 rn
885 1992 1022 2045 obsidione

116 2062 220 2114 castelli
240 2062 329 2130 exigui
348 2069 375 2114 et
398 2061 528 2131 ignobilis,
549 2060 629 2114 simui
651 2061 807 2114 admonens⁶
825 2063 842 2098 l*
861 2063 879 2098 ²*
897 2063 915 2098 ²*
951 2062 1022 2114 inter

115 2129 183 2183 haec
195 2131 301 2183 eminus
311 2130 466 2200 petebatur,
484 2148 566 2200 quem
583 2131 717 2184 testudine
734 2130 840 2201 objecta
856 2131 961 2200 milites,
976 2131 1021 2184 ubi

115 2208 145 2253 ut
156 2199 304 2253 discederet
316 2199 463 2270 perpellere
474 2201 637 2270 nequierant,
651 2200 799 2254 tuebantur.

153 2274 192 2320 11.
210 2267 331 2322 Tandem
342 2269 447 2321 Tauron
462 2286 541 2339 super
552 2286 643 2322 arcem
654 2269 728 2323 urbis
739 2287 768 2322 se
780 2285 843 2322 curn
855 2285 902 2322 suo
914 2269 1021 2337 agmine

115 2336 245 2389 ostendit:
264 2336 298 2389 ad
316 2337 393 2406 cujus
410 2348 582 2407 conspectum
601 2346 628 2390 et
645 2339 762 2391 hostium
778 2338 862 2391 animi
879 2337 977 2406 labare,
995 2345 1021 2390 et

115 2405 281 2459 Macedones
298 2408 386 2459 aerius
423 2407 534 2460 roelium
552 2407 619 2459 inire
637 2415 789 2475 coeperunt.
825 2410 932 2475 Anceps
949 2407 1021 2475 oppi-

115 2475 199 2528 danos
217 2474 319 2527 malum
336 2422 454 2544 urgedat,
468 2491 519 2528 nec
532 2475 589 2527 sisti
601 2475 643 2529 vis
655 2475 770 2528 hostium
782 2482 891 2543 poterat.
926 2475 1025 2528 Paucis

115 2545 148 2598 ad
162 2543 336 2613 moriendum,
348 2543 467 2613 pluribus
486 2544 521 2596 ad
540 2544 630 2610 lugam
648 2543 753 2596 animus
770 2543 827 2612 suit,
846 2559 944 2612 magna
960 2560 1021 2613 pars

115 2615 141 2667 in
159 2630 250 2666 arcem
267 2613 406 2666 concessit.
441 2613 507 2666 Inde
525 2614 596 2667 XXX
613 2613 757 2666 oratoribus
775 2612 863 2666 missis
878 2613 912 2666 ad
927 2613 1020 2682 depre-

115 2682 240 2756 candum,
259 2682 333 2735 triste
353 2690 508 2752 responsum
526 2699 543 2735 a
561 2698 623 2751 rege
642 2681 765 2754 redditur,
783 2697 836 2757 non
853 2698 913 2735 esse
925 2683 1019 2737 veniae

144 2798 151 2822 ¹
162 2794 187 2840 A
197 2794 259 2841 tribe
269 2795 333 2849 who,
346 2792 396 2840 like
406 2793 448 2841 the
459 2793 597 2842 Cossaesns
611 2808 643 2841 on
657 2793 703 2841 the*
714 2792 814 2842 Madian
823 2793 930 2851 fronticis
942 2795 1017 2842 main-

114 2851 196 2922 tained
206 2867 220 2899 s
230 2851 320 2921 esnain
330 2852 518 2959 independenoe,
531 2852 577 2900 and
588 2852 648 2921 used
657 2853 787 2900 torsceivs
803 2868 891 2923 money
901 2852 962 2922 from
976 2854 1018 2902 the

114 2910 386 3018 lnpgsAopigprppqvfppt
405 2927 418 2959 e
430 2911 517 2972 liberty
528 2912 555 2959 of
566 2926 665 2972 passing
675 2911 779 2973 through
790 2911 852 2960 theu
862 2920 982 2972 territory.

143 3033 151 3057 ¹
164 3033 170 3054 ¹
180 3028 252 3076 After
262 3028 292 3076 he
304 3028 350 3076 had
361 3028 448 3077 caused
461 3028 548 3077 timber
558 3037 584 3077 to
594 3030 624 3076 be
635 3038 675 3077 cut
687 3028 758 3077 do'wn
767 3027 805 3077 for
812 3027 894 3077 makin
920 3028 1017 3077 hurdles
1083 3064 1089 3079 .

73 3081 76 3085 ’
114 3087 160 3135 and
167 3087 269 3135 covered
276 3088 386 3136 movable
395 3088 485 3136 sheds!
502 3088 541 3135 As
550 3097 574 3135 to
583 3087 624 3135 the
633 3087 692 3136 form
697 3089 830 3149 faciundas
839 3088 874 3136 sor
895 3090 1015 3143 oriendus,

113 3161 155 3232 ⁸⁶?
163 3146 333 3260 ‘Prddnlidttlddt'
343 3205 373 3262 is,
386 3205 461 3264 rocky
471 3204 572 3265 ground)
583 3205 630 3253 and
640 3173 738 3266 (single).
746 3205 846 3254 nones?

142 3271 151 3295 ¹
161 3263 305 3324 Something
318 3263 362 3312 has
377 3264 451 3312 fallen
461 3272 503 3336 cut
514 3263 586 3320 here;
603 3264 663 3312 such
674 3279 701 3312 as
711 3266 799 3325 majore
807 3281 858 3313 mom
868 3264 970 3326 periculo
982 3279 1016 3331 re-

110 3339 375 3442 ffipppqsaqsgsgrqplpaap
381 3321 582 3431 {fflssffidm
593 3337 608 3370 a
617 3331 705 3372 retreat
710 3322 792 3372 would
799 3325 830 3372 be
839 3321 951 3371 attended
957 3321 1017 3370 with
