2274 3772
107 86 147 144 00
373 101 413 140 ort
435 100 543 141 essars
564 100 751 141 sarzanum.

107 210 291 279 vehebantur,¹
308 225 460 278 agmenque
476 208 600 275 constitit,
618 206 759 261 frendente
776 210 948 282 Alexandro,
963 212 1023 283 eripi

109 280 159 333 sibi
171 280 305 332 victoriam
318 295 334 330 a
345 279 474 344 manibus,
488 286 515 329 et
527 279 643 330 Dareum
661 276 768 330 felicius
784 278 885 347 fugere
903 298 987 351 quam
997 300 1023 335 su

109 348 193 417 sequi.
229 347 338 399 Interim
349 346 383 399 ad
400 348 544 399 Mazaeum
556 345 672 415 superati
685 363 713 398 re
733 347 756 399 's
767 346 844 401 lama
855 360 1022 419 pervenerat.

110 418 210 486 ltaque,
223 432 385 485 quamquam
397 415 507 467 validior
521 424 585 481 erat,
602 424 692 467 tamen
721 424 817 469 ortuna
835 419 959 487 partium
977 430 1027 479 ter·,

110 490 181 556 ritus,
194 485 323 555 perculsis
340 485 489 553 languidius
501 484 624 536 instabat.
660 484 802 537 Parmenio
815 487 961 554 ignorabat
971 490 1022 558 qui·

108 555 172 608 dem
189 571 298 608 causam
313 571 361 607 sua
376 565 467 623 sponte
483 569 588 620 pugnae
600 552 734 622 remissae,
748 554 796 605 sed
809 559 960 611 occasione
972 560 1021 611 sin·

108 623 186 677 cendi
198 637 304 677 strenua
316 632 357 676 est
369 640 441 676 usus.
476 621 619 674 Thessalos
630 622 735 689 equites
745 622 781 675 ad
793 640 826 676 se
837 628 930 678 vocari
941 627 1021 697 jubet.

110 692 213 763 Ecquid
231 693 336 761 videtis,
357 692 449 759 inquit,
471 691 542 759 istos,
563 691 609 758 qui
630 691 752 743 ferociter
771 692 855 745 modo
879 695 1020 761 instabant,

109 762 208 832 pedem
228 762 327 814 referre
346 761 432 813 subito
452 776 548 828 pavore
571 760 739 827 perterritosl
775 761 918 817 Nimirum
943 766 1022 819 nobis⁸

109 848 215 899 quoque
233 831 302 898 regis
319 831 400 881 nostri
418 827 522 880 fortuna
538 829 611 881 vicit.
653 828 749 880 Omnia
772 830 921 887 Persamm
942 836 1021 887 caule

110 908 191 952 strata
203 908 272 952 sunt.
308 898 377 955 Quid
391 896 521 950 cessatis?
538 913 571 949 an
591 913 625 947 ne
643 896 806 965 fngientibus
817 902 937 969 quidem
950 920 1022 973 pares

110 968 193 1021 estisl
228 968 297 1021 vera
319 967 409 1019 dicere
431 965 578 1034 videbatur,
599 974 627 1017 et
649 982 711 1033 spes
732 966 897 1035 languentes
941 990 1021 1042 noque

110 1044 238 1089 erexerat.
273 1036 388 1089 Subditis
399 1033 548 1087 calcaribus
558 1051 681 1102 proruere
693 1035 720 1086 in
732 1034 853 1091 hostem:
873 1049 902 1093 et
915 989 956 1094 iili
971 1042 1022 1113 jam

110 1122 162 1160 nou
174 1106 280 1174 sensim,
292 1104 339 1158 sed
351 1105 428 1157 uitato
439 1103 523 1172 gradu
535 1103 702 1172 recedebant,
712 1105 925 1176 necquicquam
938 1111 1021 1179 fugae,

110 1175 162 1229 nisi
177 1177 246 1244 quod
266 1174 382 1228 nondum
394 1183 467 1241 terga
478 1180 618 1238 verterant,
630 1173 730 1224 deerat.
765 1174 913 1230 Parmenio
926 1189 1021 1249 nmen,

110 1245 216 1312 ignarus
227 1261 359 1314 quaenam
370 1244 397 1295 in
409 1243 501 1295 dextm
512 1258 592 1294 cornu
604 1241 707 1293 senuna
719 1244 788 1311 regis
799 1257 884 1316 esset,
899 1252 1023 1319 repressit

111 1330 186 1366 suos:
207 1314 345 1379 Mazaeus,
366 1311 427 1363 dato
446 1328 550 1380 pugnae
570 1311 665 1378 spatiot
684 1327 735 1363 non
754 1321 826 1365 recto
848 1315 960 1387 itinere,
979 1319 1021 1373 sed

111 1383 211 1451 majore
223 1392 250 1432 et
261 1382 295 1433 ob
307 1381 332 1432 id
346 1380 440 1432 tutiore
451 1380 590 1432 circumitu
607 1379 697 1446 Tigrin
714 1391 828 1451 superat,
842 1393 873 1436 et
886 1386 1023 1459 Babylona

111 1468 174 1503 eum
185 1449 303 1519 reliquiis
313 1449 411 1500 devicti
423 1450 554 1501 exereitus
565 1449 652 1500 intrat.

145 1525 187 1570 61.
206 1520 308 1570 Dareus
319 1517 412 1586 paucis
423 1516 501 1584 fugae
513 1518 656 1571 comitibus
667 1516 702 1570 ad
718 1518 822 1587 Lycum
834 1538 955 1579 amnem
965 1543 1021 1580 oon·

111 1588 244 1640 tenderat:
263 1602 316 1655 quo
333 1585 441 1655 trajecto
459 1585 590 1639 dubitavit
607 1604 642 1639 an
659 1586 772 1639 solveret
784 1598 909 1662 pontem,
922 1597 1022 1665 quippe

110 1657 224 1710 hostem⁴
234 1655 290 1725 jam
301 1654 383 1708 affore
395 1655 571 1708 nuntiabatur.
607 1656 658 1708 Sed
676 1664 714 1708 tot
728 1656 805 1708 milia
816 1674 940 1733 suorum,
953 1680 1022 1734 quae

110 1726 227 1779 nondum
244 1725 279 1777 ad
296 1741 404 1777 amnem
421 1732 602 1794 pervenerant,
616 1733 694 1794 ponte
706 1726 799 1778 reciso⁶
810 1727 926 1785 ridebat
938 1733 1021 1787 hostis

109 1796 237 1867 praedam
260 1794 324 1847 sore.
359 1794 519 1863 Abeuntem,
540 1810 602 1847 cum
626 1795 754 1847 intactum
776 1795 878 1851 sineret
902 1810 1019 1873 pontem,

110 1866 211 1919 dixisse
226 1871 334 1932 constat,
348 1863 428 1916 malle
441 1880 470 1915 se
482 1863 655 1932 sequentibus
666 1864 714 1917 iter
725 1863 796 1933 dare,
808 1882 896 1934 quam
915 1870 1020 1925 auterre

109 1934 280 2003 fugientibus.
317 1934 377 2002 lpse
394 1934 487 2000 ingens
504 1931 620 2001 spatium
634 1932 696 2000 fuga
708 1949 841 2003 emensus,
853 1939 954 1992 medis
965 1940 1020 1993 fers

109 2012 187 2056 nocte
205 2001 304 2055 Arbela
356 2004 449 2054 rvenit.
486 2001 552 2058 Quis
570 2009 607 2052 tot
628 2001 740 2054 ludibria
759 2001 889 2076 fortunae,
910 2007 1018 2075 ducum,

109 2071 246 2139 agminum
268 2087 317 2122 cae
336 2087 381 2122 em
403 2070 587 2139 multiplicem,
611 2071 774 2123 devictorum
796 2071 902 2145 fugam,
929 2078 1020 2131 clades

110 2156 181 2192 nunc
209 2138 380 2207 singulorum,
405 2155 474 2190 nuno
502 2139 691 2209 universorum,
715 2151 760 2192 aut
788 2142 882 2196 animo
912 2148 1020 2217 asssqm

109 2216 197 2279 queat,
210 2215 256 2260 aut
267 2208 382 2260 oratione
394 2206 565 2277 complectil⁰
598 2209 792 2277 Propemodum
810 2214 928 2268 saeculi⁷
940 2218 1019 2270 resin

110 2295 192 2332 unum
204 2278 280 2330 illum
291 2276 364 2329 diem
375 2293 421 2347 pro
430 2276 450 2329 l⁸
466 2276 570 2329 fortuna
583 2278 737 2330 cumulavit.
772 2278 825 2331 Alii
843 2297 901 2349 qua
920 2285 1020 2339 brevis-

111 2369 146 2421 ..¹
156 2392 212 2440 'l'he
223 2392 350 2439 horsemen
358 2406 421 2439 were
432 2388 531 2438 ordered
542 2399 568 2438 to
578 2389 634 2457 talne
643 2389 681 2437 off
687 2390 795 2458 ²h⁰.bi²⁸t
805 2391 858 2460 that
869 2395 936 2459 they
944 2400 1020 2461 might

126 2453 163 2520 ise
179 2452 220 2520 the
236 2450 321 2498 horsea
331 2465 346 2498 a
356 2450 449 2506 brenth,
462 2449 509 2497 and
523 2449 582 2497 then
592 2448 641 2496 nde
652 2448 689 2496 off
700 2449 793 2511 brrslrly
807 2466 832 2498 tn
847 2453 892 2501 the
908 2462 1020 2519 opposite

134 2521 259 2617 {effigias
269 2571 385 2617 commodi.
417 2568 559 2636 SeenGrum.¹
569 2566 644 2635 §¹261.
802 2626 807 2636 .

137 2631 146 2654 ³
158 2626 254 2674 ‘When
264 2643 279 2674 a
289 2637 409 2675 cessatron
425 2642 451 2673 or
466 2636 628 2674 intermissmn
643 2625 671 2673 os
682 2625 724 2674 the
738 2624 843 2688 fighting
852 2644 907 2679 was
939 2634 1018 2694 'vam’

109 2684 161 2732 that
172 2685 201 2742 is,
213 2685 300 2744 during
310 2701 324 2732 a
334 2685 455 2732 cessation
465 2684 493 2731 os
505 2685 545 2731 the
560 2684 670 2744 fighting.
702 2684 811 2747 Spatium
824 2690 884 2737 dure
926 2695 978 2743 icus·
986 2696 1021 2744 m·

109 2743 246 2802 commonly
257 2759 348 2798 means,
364 2748 403 2789 ‘to
417 2743 471 2846 {ive
488 2743 545 2791 time
561 2743 597 2791 sor
611 2743 746 2849 anythinql'
759 2760 785 2792 as
796 2745 863 2802 here,
879 2748 936 2800 ‘for
945 2752 1017 2815 light.

109 2802 167 2906 ing}
198 2800 286 2868 Inthis
313 2816 406 2860 assurge,
436 2815 544 2872 owever,
553 2802 613 2850 such
625 2802 645 2850 is
656 2779 749 2850 nott⁹e
760 2804 882 2867 meaning.

169 2860 267 2927 tmrght
302 2860 563 2908 sohavebeenltostss.
595 2861 642 2908 See
654 2862 838 2920 Zumpt,t607.

136 2918 177 3008 LE
196 2917 337 3034 uibaiiirtatg
347 2919 619 3026 εῐέζὲἓὲὶνᾶτκῒέἒᾝῗὲὶ
644 2978 771 3027 describe'
796 2978 929 3033 Thisisth
972 2988 1002 3036 l'

108 3036 233 3106 meaning3
247 3035 289 3082 but
305 3034 323 3081 it
334 2991 360 3081 is
374 3011 528 3102 rheto’rically
538 2994 663 3096 inpendat
674 3039 724 3086 into
737 3016 889 3098 ‘apprehend
899 3002 945 3093 vri⁴³
976 3004 1019 3097 iffi

108 3093 538 3151 mrnd‚andembracew1thw0rds.'
778 3157 782 3164 Ι
820 3156 825 3166 ,

107 3154 347 3283 ,ttlmlttttt
355 3154 1017 3280 ttuttttt‘trtttt‘tn‘ltllttttltatt

106 3268 598 3448 Zssffiilssssffiffiffifflffim
608 3330 636 3380 ol
646 3331 688 3380 the
698 3332 778 3393 obiect
789 3331 906 3395 involred,
919 3338 943 3389 is
953 3356 1016 3393 rm.

256 3424 262 3448 ι
470 3423 477 3437 Ι
