2274 3772
89 110 150 165 att
356 121 396 161 na
419 120 526 160 ouans
547 119 731 161 numum.

90 250 142 289 nou
160 239 290 303 penetrat,
309 230 346 282 ita
364 229 470 282 alendis
490 227 612 297 frugibus
630 227 711 281 mitis.
746 226 799 279 Sed
816 225 885 280 adeo
905 227 934 281 iu
952 227 1003 282 itta

89 302 168 374 plaga
179 301 295 355 mundns
307 308 389 352 statas
400 313 548 367 temporum
562 297 636 350 vices
650 304 744 364 mutat,
757 304 794 365 ut,
807 313 870 349 cum
882 294 936 349 alia
949 296 1001 351 ler-

89 389 152 425 vore
169 371 232 425 solis
250 377 413 436 exaestuant,
432 368 534 420 Indiam
552 367 629 419 nives
647 367 766 434 obruant,
783 383 935 434 rursusque,
953 366 1001 420 ubi

90 452 180 495 cetera
198 441 290 508 rigent,
308 437 363 490 illic
381 436 560 489 intolerandus
576 446 667 488 aestus
684 435 788 487 existat.
823 436 883 488 Nec
894 437 1001 504 aperuit

91 527 121 565 ss
132 520 240 563 naturae
253 525 342 560 causa.
371 507 448 559 Mare
460 515 540 570 certe,
553 522 605 574 quo
615 505 730 569 alluitur,
743 521 777 556 ne
789 503 875 557 colore
887 504 1003 573 quidem

91 578 212 633 abhorret
232 595 249 629 a
268 577 373 629 ceteris.
408 575 451 628 Ab
474 573 588 644 Erythro
607 591 635 625 re
655 590 670 624 e
690 572 803 626 inditum
823 582 864 625 est
883 590 1001 628 nomeu:

91 647 276 719 propterquod
290 645 371 714 ignari
383 644 477 697 rubere
489 661 572 712 aquas
583 660 627 695 cre
648 652 702 694 unt.

126 722 169 769 at.
187 717 268 768 Terra
291 715 337 767 lini
360 714 448 766 ferax:
473 713 535 765 inde
558 711 690 782 plerisque
713 720 773 764 sunt
791 719 890 764 uestes.
925 711 1003 766 Libri

92 786 214 839 arborum
233 784 316 837 teneri
334 783 405 835 haud
423 799 502 835 secus
518 799 600 851 quam
616 781 743 849 chartae,¹
758 781 904 833 litterarum
923 791 1004 835 nous

92 856 207 924 capiunt.
243 857 316 906 Aves
332 853 366 904 ad
385 851 543 904 imitandum
560 850 694 902 humanae
706 851 779 902 vocis
790 867 886 902 sonum
897 850 1003 904 dociles

92 934 163 977 sunt.
202 921 336 976 Animalia
364 920 488 973 inusitata
516 919 612 973 ceteris
639 919 772 989 gentibus,
802 921 853 972 nisi
884 920 1001 973 invecta.

92 992 196 1048 Fadum
213 1001 281 1044 terra
293 990 468 1043 rhinocerotas
484 989 539 1058 alit,
557 1005 608 1041 non
625 989 755 1056 generat.²
788 987 1004 1058 Elephantorum

92 1061 176 1132 major
195 1070 234 1114 est
257 1061 305 1129 vis,
329 1077 410 1129 quam
432 1075 499 1128 quos
521 1059 547 1110 in
570 1056 661 1110 Africa
684 1057 813 1111 domitant
820 1076 828 1128 3
851 1066 880 1111 et
899 1058 1003 1111 uiribus

92 1131 247 1200 magnitudo
271 1129 418 1199 respondet.
461 1130 565 1181 Aurum
587 1127 698 1179 flumina
721 1127 828 1198 vehunt,
851 1143 921 1197 quae
946 1127 1004 1181 leui

92 1200 252 1270 modicoque
264 1199 338 1269 lapsu
351 1214 447 1277 segnes
457 1213 541 1266 aquas
552 1196 659 1248 ducunt.
694 1197 824 1250 Gemmas
834 1197 1003 1265 margaritas

93 1286 146 1352 quc
161 1286 235 1325 mare
250 1268 369 1322 litoribus
380 1265 502 1319 infundit.
537 1267 633 1334 Neque
651 1264 703 1317 alia
720 1265 774 1318 illis
790 1266 874 1337 major
891 1266 1004 1336 opulen-

93 1349 146 1393 tiss
163 1356 245 1392 causa
262 1347 310 1404 est,
329 1337 419 1405 utique
437 1344 577 1404 postquam
594 1334 720 1387 vitiorum
736 1336 928 1408 commercium
944 1335 1004 1389 vul·

92 1424 190 1477 gauere
210 1408 235 1459 in
256 1415 361 1459 exteras
376 1414 471 1472 gentes
479 1404 497 1455 :³
518 1404 564 1472 qui
585 1420 618 1472 pe
635 1403 809 1457 aestimantur
825 1415 1006 1474 purgamenta

82 1475 273 1530 ,exaestuantis
301 1473 360 1526 freti
389 1473 479 1552 pretio,
504 1421 583 1541 quodJ
600 1471 680 1525 libido
705 1474 846 1526 constituit.
890 1474 1006 1543 Ingenia

94 1544 238 1613 hominum,
264 1543 331 1595 sicut
353 1541 460 1610 ubique,
484 1541 554 1610 apud
581 1540 640 1593 illos
664 1541 781 1596 locorum
804 1560 910 1612 quoque
933 1545 1005 1597 situs

93 1614 208 1669 format.⁴
242 1613 354 1682 Corpora
372 1627 455 1679 usque
474 1611 566 1680 pedes⁶
576 1609 695 1663 carbaso⁸
706 1611 802 1681 velant,
816 1612 896 1665 soleis
908 1612 1003 1682 pedes,

94 1683 182 1754 capita
198 1682 287 1735 linteis
305 1680 438 1748 vinciunt;
460 1679 542 1749 lapilli
560 1696 595 1733 ex
611 1680 720 1733 auribus
736 1682 868 1750 pendent3
893 1681 1006 1736 brachia

94 1770 129 1823 qu
165 1769 199 1807 ue
219 1760 246 1805 et
264 1751 386 1804 lacertos
403 1766 466 1803 auro
485 1749 580 1818 colunt,
599 1748 696 1818 quibus
713 1749 781 1803 inter
798 1751 937 1821 populares
955 1761 1006 1806 aut

94 1822 155 1877 nobi
166 1822 217 1876 itus
228 1830 273 1874 aut
284 1836 350 1890 opes
361 1819 488 1872 eminent.
523 1818 654 1888 Capillum
671 1828 780 1887 pectunt
792 1821 906 1889 saepius,
918 1837 1005 1889 quam

95 1891 218 1959 tondent;
236 1899 357 1943 mentum
370 1905 476 1958 semper
487 1888 619 1941 intonsum
630 1896 687 1956 est5
707 1887 837 1957 reliquam
848 1889 899 1942 oris
910 1899 1006 1944 cutem

94 1961 127 2013 ad
140 1962 257 2029 speciem
271 1958 384 2010 levitatis
395 1970 553 2026 exaequant.

130 2033 170 2080 32.
189 2031 290 2095 Regum
302 2036 390 2079 tamen
402 2027 511 2095 luxuria,
523 2043 603 2095 quam
615 2026 663 2094 ipsi
676 2026 901 2094 magnificentiam
910 2045 927 2080 a
985 2029 1006 2081 1-

95 2098 157 2165 lant‚
177 2114 255 2165 super
272 2095 390 2147 omniurn
406 2096 525 2162 gentium
545 2096 617 2147 vitia.
655 2095 721 2148 Cum
742 2113 787 2148 rex
805 2114 833 2150 se
851 2097 876 2149 in
895 2045 951 2166 pah
963 2099 1005 2151 ico

95 2166 212 2235 conspici
230 2165 332 2233 patitur,
352 2163 465 2216 turibula
482 2173 608 2231 argentea
626 2164 736 2216 ministri
755 2165 849 2236 lerunt,
863 2175 1006 2237 totumque

95 2235 152 2305 iter,
176 2252 224 2304 per
242 2232 312 2302 quod
335 2233 396 2284 ferri
419 2232 567 2301 destinavit,
588 2233 712 2286 odoribus
734 2236 875 2304 complent.
911 2240 1006 2290 Aurea

95 2357 172 2406 winds
189 2361 285 2413 (truatur)
301 2356 325 2403 in
341 2355 381 2402 the
399 2355 503 2403 Grecian
518 2371 572 2404 sens
583 2356 643 2404 with
653 2357 733 2405 which
748 2357 841 2406 henas
856 2358 1005 2418 acquainted

95 2418 159 2466 blow
170 2416 230 2465 from
242 2415 282 2463 the
294 2414 371 2462 north.

124 2476 221 2544 {l'uper
230 2475 299 2522 made
308 2473 335 2521 of
342 2474 383 2521 the
394 2473 451 2521 reed
458 2491 573 2535 papyrus,
585 2475 626 2522 the
635 2475 745 2534 ordinary
754 2477 883 2524 substance
894 2478 957 2526 used
967 2478 1006 2529 lor

95 2547 197 2640 wpprnhge
203 2533 422 2660 unhghhlhglhhtnthat
432 2591 501 2638 these
512 2591 613 2639 animals
624 2608 692 2640 come
704 2592 782 2699 sinfily
792 2593 852 2641 from
863 2593 905 2643 the
916 2595 1003 2665 neigh-

96 2652 197 2710 bouring
208 2662 342 2708 countrtes;
356 2669 374 2698 e.
380 2669 404 2713 g.
417 2648 477 2698 from
486 2649 590 2698 Further
599 2651 668 2699 India
676 2651 725 2699 into

96 2708 165 2757 alone
176 2724 219 2756 our
230 2710 314 2756 uuther
325 2709 483 2758 understands
494 2710 526 2768 by
538 2706 616 2757 India.
949 2762 954 2768 ,

124 2767 219 2821 ’Quite
231 2778 329 2836 correct.
356 2768 430 2836 “The
447 2767 544 2835 Indiuns
561 2767 632 2816 make
676 2777 714 2816 eat
729 2769 785 2830 gain
800 2771 833 2830 by
844 2770 885 2818 tho
897 2770 965 2820 trade
978 2774 1003 2822 in

95 2826 189 2893 peanis&
196 2826 325 2893 especially
341 2843 407 2895 srnce
423 2827 464 2874 the
481 2836 538 2874 trme
555 2827 627 2895 when
643 2839 652 2874 t
671 2843 701 2886 ey
718 2830 795 2889 began
811 2839 836 2876 to
851 2830 942 2879 extend
959 2832 1003 2882 the

96 2883 173 2935 traffic
183 2899 207 2931 m
218 2900 284 2932 vices
294 2892 310 2939 (⁴
318 2886 442 2953 luxuriesp’
456 2886 492 2933 sor
502 2886 543 2954 the
554 2886 632 2967 desire
641 2887 668 2933 os
675 2887 762 2946 luxury
773 2887 793 2935 is
804 2888 890 2946 avico,
903 2899 928 2937 at
938 2889 1002 2940 least

95 2961 111 2994 a
119 2943 470 3071 prppphtpegpppfippltpcffpeppep
480 2956 661 3071 glutlhhls'countr
680 3040 686 3060 ‚
699 3014 748 3060 too,
760 3004 805 3053 has
820 3021 835 3053 a
849 3017 918 3066 great
929 3007 1003 3058 influ-

94 3077 155 3132 encc
172 3077 195 3109 tn
211 3060 314 3128 forming
325 3061 365 3107 the
377 3060 531 3128 dysposrtrons
543 3062 571 3130 of
582 3062 623 3111 the
640 3020 787 3112 inhabitants
795 3065 813 3133 ξ’
830 3064 924 3124 thatin,
938 3065 1005 3117 thclr

95 3119 669 3230 ⁰¹t⁸t¹tltttt¹tt¹tt⁰llttt¹3¹³¹t¹¹0¹¹tt⁰t
680 3121 902 3232 ⁰‘¹¹¹⁰·r⁰¹¹¹¹¹⁸'⁹'.r
928 3187 957 3234 a

123 3238 251 3287 “Cotton
261 3236 325 3286 cloth
335 3238 350 3294 ;’
368 3194 453 3296 pluhah
465 3196 555 3287 ωνὺὲξὶ
564 3197 615 3288 und1
620 3196 760 3289 ccrbhhhmu
786 3199 861 3244 mque
908 3201 927 3247 Ρ
956 3202 991 3234 ω’

120 3298 265 3351 'Brachium
276 3297 296 3348 is
307 3296 349 3348 the
364 3306 416 3360 part
431 3296 457 3345 oi
469 3296 513 3345 the
527 3313 582 3347 urm
592 3298 657 3347 {rom
669 3298 711 3346 the
725 3298 790 3348 hand
804 3308 830 3348 to
844 3300 888 3350 tha
902 3298 1000 3360 elbon

77 3358 196 3421 hcertrrr,
212 3360 253 3412 the
265 3360 349 3427 fleshy
360 3369 414 3426 part
425 3357 490 3410 lrom
500 3356 544 3406 the
554 3357 634 3408 elbon
644 3356 857 3406 tothuuhouthsx.

760 2652 822 2700 ither
830 2653 909 2710 Indis,
919 2652 1004 2705 which
