2274 3772
478 194 570 234 arana
588 194 619 235 x.
943 180 1000 235 ³25

94 316 256 371 quamquam
273 301 309 354 ab
326 301 477 356 auctoribus
494 302 590 356 tradita
607 312 655 372 eet,
668 320 765 358 vanam
777 303 861 357 fuisse
873 303 1000 372 comperi·

40 422 42 426 Α
92 387 163 423 mus.
200 372 232 424 Et
244 370 352 440 quidem
365 388 427 424 suas
437 373 549 440 quisque
561 387 632 440 opes,
646 373 737 425 divisis
754 372 858 442 imperii
875 372 999 443 partibus,

93 440 248 492 tuebantur:
268 457 334 508 quas
352 440 403 509 ipsi
421 440 603 509 fundaverant,
622 443 644 494 si
664 459 781 510 unquam
802 441 929 494 adversus
949 442 998 494 im-

93 509 212 562 modicas
235 509 392 577 cupiditates
415 511 543 562 terminus
569 513 667 563 staret.¹
704 512 807 580 Quippe
833 510 912 580 paulo
937 520 999 564 ante

94 578 164 646 regis
184 578 303 645 ministri,
324 579 413 646 specie
434 579 538 648 imperii
558 578 638 632 alieni
664 579 827 650 procurandi,
847 579 943 648 singuli
963 581 1000 633 in·

93 647 184 716 gentis
203 647 352 699 invaserant
372 664 461 716 regna,
475 647 584 700 sublatis
601 650 777 702 certaminum
790 650 885 713 causis,
899 666 961 702 cum
974 658 1001 703 et

93 732 187 769 omnes
198 715 319 785 ejusdem
336 718 423 784 gentis
434 725 530 784 essent,
544 728 571 769 et
583 734 599 768 a
611 720 707 772 ceteris
719 719 759 771 sui
771 719 882 788 quisque
895 718 1000 788 imperii

93 786 200 854 regione
218 785 333 837 discreti.
369 785 420 838 Sed
439 785 548 838 difficile
567 795 623 838 erat
642 805 673 840 eo
694 796 831 841 contentos
848 804 915 854 esse,
929 787 999 856 quod

93 854 224 907 obtulerat
242 855 360 906 occasio:
379 856 476 925 quippe
497 855 603 908 sordent
624 858 709 925 prima
727 873 856 926 quaeque,
870 873 931 908 curn
945 873 999 910 ma·

91 923 148 992 jora
160 932 304 991 sperantur.
341 924 435 992 ltaque
453 924 577 978 omnibus
589 926 740 994 expeditius
752 925 890 979 videbatur
902 943 1000 995 augere

94 1009 182 1061 regna,
196 1009 275 1060 quam
289 992 384 1046 suisset
395 993 527 1062 accipere.

128 1066 169 1112 31.
189 1061 322 1130 Septimus
333 1062 392 1114 dies
404 1071 467 1132 erat,
478 1079 512 1114 ex
520 1079 572 1131 quo
582 1079 675 1142 corpus
688 1063 758 1132 regis
769 1063 874 1132 jacebat
887 1063 913 1116 in
926 1064 998 1134 solio,

93 1130 164 1183 curis
181 1131 299 1183 omnium
317 1131 350 1182 ad
370 1130 538 1185 lonnandum
562 1132 700 1201 publicum
724 1141 823 1186 statum
841 1149 857 1183 a
875 1141 930 1186 tam
948 1133 999 1186 sol·

92 1198 174 1252 lemni
194 1216 303 1252 munere
320 1202 429 1253 aversis.
466 1201 500 1253 Et
513 1218 563 1254 uon
575 1201 633 1255 aliis
645 1219 725 1271 quam
738 1203 948 1270 Mesopotamiae
960 1219 999 1255 re·

92 1267 169 1348 gione
179 1267 300 1321 fervidior
307 1278 398 1321 aestus
410 1270 517 1339 existit,2
529 1269 596 1322 adeo
608 1279 637 1324 ut
649 1271 774 1340 pleraque
787 1271 920 1340 animalia,
929 1287 999 1340 quae

93 1355 121 1390 1u
139 1337 208 1390 nudo
221 1339 275 1390 solo
286 1338 468 1407 deprehendit,
482 1339 618 1408 extinguat
626 1356 633 1407 3
652 1348 740 1394 tantus
752 1350 792 1392 est
805 1355 885 1408 vapor
898 1341 960 1393 solis
972 1348 999 1393 et

93 1407 167 1475 coeli,
186 1423 238 1475 quo
256 1417 352 1461 cuncta
367 1409 440 1461 velut
459 1409 520 1475 igne
538 1417 674 1461 torrentur.
711 1409 808 1462 Fontes
825 1425 954 1477 aquarum
972 1418 999 1462 et

94 1476 144 1529 rari
162 1485 230 1545 sunt,
250 1486 276 1529 et
297 1476 468 1530 incolentium
487 1477 579 1530 fraude
598 1480 732 1548 celantur,
753 1479 817 1548 ipsis
834 1494 899 1532 usus
916 1486 997 1548 patet,

92 1545 198 1613 ignotus
217 1554 258 1598 est
277 1547 395 1599 advenis.
431 1547 466 1602 Ut
489 1547 597 1600 taudem
617 1565 710 1601 curare
730 1564 824 1618 corpus
846 1549 1000 1602 exanimum

92 1615 187 1668 amicis
198 1616 311 1685 vacavit,
324 1616 397 1669 nulla
408 1617 478 1685 tabe,
492 1632 525 1668 ne
543 1617 652 1670 minimo
667 1618 777 1688 quidem
796 1617 877 1669 livore
895 1633 999 1687 corrup·

93 1692 148 1738 tum
169 1684 258 1737 videre
296 1687 322 1738 ui
345 1686 513 1738 intraverant.
551 1687 630 1755 Vigor
648 1703 759 1756 quoque,
779 1686 823 1756 qui
843 1695 945 1739 constat
965 1703 1000 1739 ex

93 1753 191 1822 spiritu,
210 1771 261 1806 non
278 1703 435 1806 destituerat
454 1755 565 1807 vultum.
602 1756 696 1824 Itaque
715 1754 841 1824 Aegyptii
859 1755 998 1808 Chaldaei·

92 1838 152 1890 que,
164 1823 230 1891 J'ussi
248 1839 342 1892 corpus
359 1839 407 1874 suo
425 1839 497 1875 more
515 1840 615 1891 curare,
629 1825 713 1891 primo
732 1841 782 1875 non
800 1831 861 1875 sunt
878 1825 936 1876 ausi
953 1823 999 1876 ad·

93 1907 201 1942 movere
213 1892 285 1942 velut
306 1891 413 1960 spiranti
432 1908 544 1943 manus:
566 1891 663 1944 deinde
682 1892 789 1960 precati,
803 1900 832 1944 ut
850 1890 892 1960 jus
904 1892 999 1961 fasque

93 1967 165 2011 esset
183 1959 337 2012 mortalibus
349 1968 489 2011 attrectare
502 1975 572 2028 eum,
585 1976 730 2028 purgavere
742 1976 842 2037 corpus,
857 1961 998 2081 repletum·

93 2044 146 2096 que
166 2035 206 2079 est
223 2028 348 2081 odoribus
365 2044 474 2080 aureum
493 2027 595 2096 solium,
609 2037 635 2080 et
653 2029 734 2098 capiti
752 2028 859 2097 adjecta
889 2039 999 2082 ortunae

93 2096 152 2217 epus
174 2097 305 2164 insignia.³
339 2097 449 2149 Veneno
473 2105 597 2149 necatum
622 2114 682 2150 esse
703 2098 839 2151 credidere
863 2098 983 2178 plerique
990 2115 999 2167 ;

93 2165 177 2218 fiium
197 2167 327 2236 Antipatri
346 2166 414 2219 inte‘r
425 2167 565 2235 ministros,
578 2166 674 2220 Jollam
693 2167 807 2235 nomine,
826 2178 906 2236 patns
922 2184 999 2237 Jussu

93 2234 208 2287 dedisse.
245 2235 328 2305 Saepe
340 2244 412 2288 certe
429 2235 521 2288 audita
535 2243 591 2287 erat
603 2253 653 2289 vox
665 2236 817 2304 Alexandri,
832 2238 998 2306 Antipatrum

93 2305 193 2372 regium
207 2304 332 2358 affectare
342 2304 484 2374 fastigium,
495 2303 676 2375 majoremque
685 2323 744 2358 esse
757 2305 883 2376 praefecti
895 2307 996 2376 opibus,

93 2389 126 2425 ac
144 2373 219 2425 titulo
237 2373 379 2442 Spartanae
392 2375 517 2426 victoriae
536 2374 663 2443 inflatum,
676 2376 794 2427 omniaa
806 2374 909 2427 sedata
926 2391 998 2428 asse-

93 2451 195 2495 rentem
222 2442 292 2495 sibi.⁴
334 2442 482 2495 Credebant
512 2442 603 2511 etiam,
627 2444 764 2496 Craterum
793 2460 852 2495 cum
878 2454 996 2496 veterum

92 2511 207 2565 militum
220 2529 300 2565 mauu
317 2512 351 2564 ad
370 2511 583 2564 interficiendum
597 2528 660 2564 eum
673 2513 793 2565 missum.
830 2513 890 2565 Vim
907 2523 998 2567 autem

92 2582 197 2650 veneni,
211 2582 280 2650 quod
298 2582 325 2633 iu
344 2581 505 2634 Macedonia
522 2581 645 2649 gignitur,
664 2581 745 2634 talem
763 2598 822 2634 esse
841 2590 950 2652 constat,
969 2591 998 2636 ut

121 2725 128 2748 ¹
140 2719 221 2779 Every
229 2735 274 2767 one
285 2735 339 2767 now
350 2718 495 2767 maintained
505 2718 543 2767 his
554 2734 609 2767 own
619 2734 715 2778 power;
729 2721 787 2780 they
796 2720 841 2770 had
850 2723 997 2774 established

92 2777 110 2825 it
121 2778 224 2838 through
236 2778 391 2832 themselves,
402 2787 443 2825 not
454 2779 486 2837 by
495 2778 658 2827 Alexander’s
666 2779 725 2835 vvill,
739 2778 760 2827 is
766 2796 822 2828 ever
832 2782 899 2829 there
911 2782 998 2831 should

92 2838 122 2885 be
133 2836 197 2885 fixed
208 2853 222 2884 a
233 2838 292 2884 limit
304 2838 397 2897 against
408 2836 563 2884 immoderate
573 2837 671 2885 desires.
697 2839 767 2887 ‘The
793 2840 839 2888 had
850 2841 998 2890 established

92 2895 135 3001 l⁵'
149 2894 995 3016 ll‘ll‘lllllllill‘llilnsllnithllillil¹a¹¹⁸⁹⁸⁰⁰¹¹tl¹¹¹⁰l

110 2990 116 3002 .
187 2972 199 3002 s
231 2972 244 3003 c
497 2989 502 3010 ‚
659 2992 665 3012 ,
750 2992 755 3011 ,
784 2993 790 3005 .

120 3029 212 3076 raph,
233 3029 288 3077 heat
303 3029 362 3078 does
378 3038 419 3076 not
435 3029 535 3076 become
551 3044 617 3076 more
633 3031 736 3092 buruing
752 3032 776 3079 in
791 3032 861 3081 other
875 3033 997 3082 countries

92 3088 149 3136 than
165 3089 189 3135 in
205 3087 406 3156 Mesopotamia3'
419 3087 470 3154 that
482 3087 511 3142 is,
525 3086 566 3134 the
583 3087 638 3136 heat
654 3089 675 3136 is
690 3090 843 3158 particularly
854 3093 957 3153 buming
972 3093 997 3141 in

91 3147 275 3205 Mesopotamia,
286 3163 313 3194 or
322 3162 383 3194 nses
392 3157 417 3194 to
427 3156 493 3205 quite
504 3161 534 3194 an
544 3147 647 3195 unusual
658 3148 749 3210 height.

119 3225 129 3249 ¹
141 3220 245 3268 ‘Placed
256 3235 287 3268 on
298 3219 335 3268 his
347 3219 416 3274 head,
429 3235 456 3267 as
468 3219 508 3267 the
519 3219 574 3281 sign
583 3220 611 3268 ol
617 3221 655 3269 his
665 3222 726 3270 ranlr
737 3222 786 3278 (the
796 3223 863 3282 royal
874 3222 995 3286 dignuyu’

91 3279 197 3338 hemely,
211 3295 225 3326 a
235 3279 322 3340 golden
332 3278 435 3327 diadem.

120 3350 189 3400 ‘Sabi
198 3369 309 3408 asserere,
324 3356 363 3399 ‘to
374 3349 523 3410 appropriate
533 3359 559 3399 to
569 3351 638 3400 one's
648 3351 710 3401 sels!
