2274 3772
497 158 588 198 staua
607 158 648 198 ιν.
988 145 1028 201 88

115 264 225 336 quidem
237 265 323 319 habeo
332 267 435 335 renale,
446 267 492 318 sed
506 266 639 319 fortunam
650 285 741 321 meam
750 269 851 338 utique¹
862 284 914 322 non
923 267 1026 323 vendo:

115 337 236 404 captivos
248 337 269 388 si
282 336 370 404 placet
383 337 465 404 reddi,
479 337 614 390 honestius
625 337 693 390 dono
705 337 836 404 dabimus,
849 355 931 406 quam
945 338 1027 407 pretio

116 406 290 458 remittemus.
335 406 491 460 Introductis
513 405 610 458 deinde
634 406 739 476 legatis,
761 408 795 461 ad
822 408 893 460 hunc
916 408 1027 461 modum

116 476 264 543 respondit:
287 476 414 528 Nuntiate
435 476 527 542 Dareo,
547 492 600 543 me,
619 493 687 544 quae
706 476 817 529 fecerim
829 477 981 529 elementer
999 484 1027 530 et

115 545 265 612 liberaliter,
285 562 336 598 non
355 545 491 598 amicitiae
511 544 569 614 ejus
590 544 720 614 tribuisse,
739 545 786 598 sed
807 555 917 599 naturae
937 563 1025 598 meae.

114 614 218 666 Bellum
238 631 300 666 oum
318 616 431 683 captivis
449 624 476 667 et
493 613 600 666 feminis
617 631 708 683 gerere
727 631 778 668 non
797 615 884 676 soleo:
907 629 1026 668 armatus

114 685 148 736 sit
167 692 276 752 oportet,
294 700 377 752 quem
395 683 505 736 oderim.
541 683 641 741 Quodsi
658 683 754 741 saltem
771 701 867 754 pacem
885 684 953 736 bona
971 685 1028 738 fide

114 762 222 823 peteret,
241 753 418 807 deliberarem
437 753 552 821 forsitan,
572 770 606 804 an
624 752 725 805 darem.
761 754 860 807 Verum
879 755 1024 824 enimvero,

113 840 176 875 curn
190 822 267 874 modo
280 823 380 875 milites
392 840 470 874 meos
479 823 573 874 litteris
584 822 618 874 ad
637 823 818 890 proditionem,
832 821 909 876 modo
925 823 1027 876 amicos

113 893 147 944 ad
161 892 308 960 perniciem
322 909 411 944 meam
423 891 537 961 pecunia
550 891 680 959 sollicitet,
694 892 728 944 ad
741 893 948 946 internecionem
960 891 1028 946 mihi

114 963 315 1030 persequendus
327 971 375 1029 est,
389 978 440 1013 non
452 971 480 1013 ut
497 959 584 1029 justus
596 960 684 1029 hostis,
697 961 746 1013 sed
757 969 786 1014 ut
798 978 935 1041 percussor
947 978 1027 1014 vene·

114 1031 190 1084 ficus.
227 1030 475 1083 Condiciones-vero
488 1029 569 1099 pacis,
582 1047 649 1098 quaa
664 1030 765 1084 affertis
782 1049 804 1084 si
821 1045 958 1099 accepero,
973 1032 1027 1084 vic·

115 1113 198 1152 torem
218 1118 280 1153 eum
299 1100 418 1152 faciunt.2
452 1100 526 1157 Quae
548 1111 605 1168 post
626 1099 779 1168 Euphraten
797 1108 866 1168 sunt,
885 1099 1028 1154 liberaliter

115 1167 205 1220 donat.
237 1170 287 1222 Ubi
302 1171 380 1237 igitur
393 1186 436 1222 me
448 1168 584 1222 affamini?
600 1186 698 1237 nempe
711 1169 778 1222 ultra
791 1169 944 1238 Euphraten
957 1186 1027 1222 sum.

117 1237 257 1291 Summum
281 1257 342 1306 ergo
366 1240 434 1291 (lotis
457 1257 538 1309 quarn
558 1239 684 1306 promittit
703 1238 846 1291 terminum
863 1247 948 1291 castra
967 1256 1029 1291 mea

115 1315 260 1360 transeunt.
298 1311 363 1362 Hinc
383 1326 425 1360 me
444 1307 578 1376 depellite,
591 1317 627 1362 ,ut
646 1308 729 1360 sciam
747 1316 865 1360 vestrum
884 1324 952 1376 esse,
965 1309 1028 1376 quo'

115 1377 217 1430 ceditis.
264 1378 368 1431 Eadem
385 1378 542 1432 liberalitate
560 1376 606 1431 dat
626 1377 692 1430 mihi
711 1377 793 1430 filiam
811 1392 904 1430 suam:
930 1394 1027 1446 nempe

114 1464 195 1515 quam
217 1449 270 1500 scio
289 1448 369 1500 alicui
390 1464 525 1500 servorum
545 1445 603 1516 ejus
623 1449 785 1516 nupturam.⁴
826 1446 946 1499 Multum
966 1464 1028 1499 vero

115 1515 181 1568 mihi
201 1526 324 1586 praestat,
341 1520 362 1571 si
379 1535 423 1570 me
442 1518 555 1570 Mazaeo
567 1535 696 1585 generum
710 1516 862 1585 praeponit!
901 1516 947 1584 Ite,
961 1533 1027 1568 nun·

114 1587 178 1641 tiate
192 1588 245 1654 regi
255 1596 350 1655 vestro,
362 1596 388 1639 et
400 1604 468 1656 qnae
481 1586 577 1654 amisit,
588 1597 615 1638 et
627 1604 696 1656 quae
708 1586 797 1638 adhuc
809 1585 897 1654 habet,
908 1586 1028 1655 praemia

114 1671 174 1708 esse
188 1657 266 1708 belli:
287 1657 336 1710 hoc
349 1666 457 1724 regente
470 1656 605 1724 utriusque
619 1657 745 1708 terminos
757 1656 837 1722 regni,
851 1655 877 1708 id
891 1672 972 1723 quem
993 1673 1027 1707 ue

114 1724 275 1794 habiturum,
289 1726 359 1794 quod
375 1726 508 1795 proximae
522 1725 588 1778 lucis
599 1727 763 1792 assignatum
776 1725 878 1776 fortuna
891 1735 941 1777 est:
974 1673 1026 1776 ine·

113 1797 166 1862 gari
182 1795 346 1863 respondent,
360 1813 421 1848 cum
436 1795 535 1849 bellum
548 1796 574 1847 iu
587 1796 677 1848 animo
692 1798 733 1862 sit,
748 1792 835 1845 facere
848 1811 910 1846 eum
926 1793 1026 1860 simpli-

114 1865 185 1931 citer,
197 1866 265 1933 qnod
278 1883 325 1933 spe
339 1866 411 1934 pacis
424 1882 473 1916 non
487 1864 660 1917 frustraretur.
699 1865 772 1932 Ipsos
783 1872 881 1932 petere,
897 1873 922 1914 ut
936 1879 1026 1930 quam·

113 1935 229 2002 primurn
248 1934 411 1987 dimittantur
429 1934 464 1986 ad
484 1951 588 2001 regem:
611 1951 674 1986 eum
691 1949 795 2002 quoque
810 1932 914 1987 bellum
933 1949 1025 2000 parare

113 2001 218 2055 debere.
258 2005 366 2057 Dimissi
379 2004 508 2071 nuntiant,
520 2003 617 2054 adesse
630 2012 775 2054 certamen.

148 2079 190 2125 45.
210 2073 257 2126 lile
275 2073 383 2142 quidem
403 2073 543 2126 confestim
560 2073 703 2126 Mazaeum
722 2089 785 2124 cum
805 2070 889 2123 tribus
903 2068 1025 2138 equitum

113 2142 221 2195 milibus
245 2144 278 2196 ad
304 2144 404 2211 itinera,
430 2160 499 2212 quae
524 2142 607 2195 hostis
630 2143 760 2210 petiturus
783 2148 847 2210 erat,
872 2137 1027 2208 occupanda

112 2214 257 2278 praemisit.
293 2213 452 2282 Alexander,
471 2212 571 2280 corpori
590 2211 680 2264 uxoris
704 2209 763 2280 ejus
784 2211 862 2280 justis
886 2209 1026 2278 persolutis

113 2283 239 2349 omnique
262 2283 381 2350 graviore
404 2283 532 2335 comitatu
560 2283 627 2334 intra
650 2281 747 2333 eadem
771 2280 937 2332 munimenta
961 2295 1025 2330 curn

114 2351 219 2402 modico
239 2352 368 2418 praesidio
387 2351 535 2423 relicinae
554 2351 658 2415 hostem
677 2348 820 2402 contendit.
858 2348 914 2399 Duo
927 2363 1026 2399 cornua

113 2417 250 2476 diviserat⁵
262 2419 388 2489 peditum,
402 2423 505 2490 utrique
524 2420 598 2472 lateri
618 2420 707 2488 equite
720 2418 897 2484 circumdato,
915 2415 1026 2484 impedi-

114 2497 205 2541 menta
226 2491 404 2558 sequebantur
420 2506 525 2559 agmen.
563 2489 742 2541 Praemissum
761 2486 857 2538 deinde
876 2501 938 2536 curn
956 2484 1027 2537 citis⁸

113 2559 249 2626 equitibus
273 2559 399 2612 Menidan
422 2559 497 2628 jubet
518 2558 662 2627 explorare,
686 2556 731 2608 ubi
752 2557 855 2609 Dareus
875 2563 954 2606 esset.
991 2557 1026 2607 At

112 2626 166 2691 ille,
182 2646 244 2681 cum
263 2629 394 2681 Mazaeus
411 2628 482 2681 haud
501 2627 589 2696 procul
608 2625 780 2693 consedisset,
794 2643 845 2677 non
861 2640 942 2690 ausus
958 2624 1027 2677 ultra

111 2694 264 2766 procedere,
285 2698 348 2750 nihil
369 2699 449 2766 aliud,
468 2715 550 2767 quam
570 2697 703 2748 fremitum
725 2695 862 2748 hominum
882 2691 1026 2747 hinnitum·

113 2782 166 2834 que
177 2785 303 2836 equorum
313 2769 461 2834 exaudisse,
473 2768 582 2819 nuntiat.
613 2767 745 2818 Mazaeus
753 2780 866 2834 quoque,
876 2764 1027 2832 conspectis

112 2838 203 2905 procul
222 2838 436 2906 exploratoribus,
451 2838 475 2889 in
489 2847 575 2888 castra
594 2853 623 2888 se
643 2835 750 2904 recepit,
763 2834 895 2887 adrentus
910 2832 1025 2886 hostium

143 2946 151 2970 ¹
165 2946 170 2967 ¹
180 2941 337 3002 Especially.’
350 2957 377 2988 cr
390 2940 480 2989 “under
490 2956 537 2999 any
548 2939 752 2988 circumstances.’

139 3003 150 3030 2
162 3005 167 3026 ¹
177 3000 249 3060 They
259 3011 382 3060 represent
394 3001 443 3048 him
455 3016 481 3048 as
492 3001 584 3047 victor!

139 3063 149 3088 ¹
161 3059 249 3108 ‘From
258 3060 338 3108 which
350 3075 398 3120 you
409 3060 499 3113 retire,'
512 3074 539 3106 cr
552 3058 645 3106 ‘which
655 3070 702 3118 you
713 3059 768 3118 give
779 3058 828 3116 up.’
856 3056 906 3105 Fur
914 3056 955 3103 the
967 3071 1023 3104 con·

110 3119 268 3167 structiones
279 3123 364 3171 cedere,
378 3120 424 3167 and
436 3120 506 3166 verbs
519 3117 546 3165 of
559 3118 599 3165 the
611 3133 678 3165 same
689 3116 761 3173 class,
775 3133 816 3165 see
830 3117 909 3164 Grcm.
922 3115 996 3166 l298.

139 3183 149 3206 ⁴
159 3177 253 3226 Mulier
262 3181 328 3227 nabit
340 3181 413 3227 alicui
423 3181 482 3226 ciro.
515 3177 562 3224 See
574 3177 672 3235 Zumpt,
686 3176 760 3226 troo.

141 3236 225 3285 ‘That
237 3239 267 3294 is,
282 3238 327 3285 ‘he
343 3237 398 3291 had.
412 3240 444 3298 by
456 3236 562 3297 dividiug
577 3237 619 3284 the
635 3234 749 3295 infantry,
763 3233 855 3283 formed
866 3243 915 3280 two
926 3232 1023 3302 pinge!

110 3294 167 3344 'l'he
183 3297 324 3404 expressggn
339 3297 367 3344 is*
376 3296 495 3344 therefore
511 3296 649 3356 equivalant
666 3305 691 3342 to
706 3297 734 3343 ia
748 3298 795 3344 duo
807 3309 896 3342 cornua
909 3293 1024 3340 docuerat

159 3358 212 3412 iter,
225 3371 252 3405 cr
306 3358 367 3404 item
595 3389 597 3393 ,
623 3393 628 3399 .

111 3357 239 3475 'fannii
264 3417 564 3464 enttoieoiramtam.
