2274 3772
421 233 422 236 ,
490 203 582 242 araca
602 203 654 242 vrr.
742 201 744 203 ·
972 183 1029 244 lta

120 312 222 382 lougius
234 313 336 383 ceteris,
349 313 501 365 admovisse
514 312 608 364 semeti
629 328 672 363 sos
688 310 764 363 lateri
782 328 837 381 suo,
851 311 923 364 nulla
935 312 1028 381 proba·

119 381 166 437 bili
178 398 275 434 causa:
295 399 376 452 seque
389 384 538 447 mirantem,
551 329 628 449 quoti
634 397 684 433 non
698 381 757 432 vice
769 398 817 434 sua
828 381 874 434 tali
887 380 1027 449 fungeren·

120 459 163 504 tur
174 452 269 521 officio,
284 462 309 504 et
323 454 380 520 ipsa
392 451 564 520 trepidatione
577 466 668 502 eorum
686 451 860 519 perterritum,
874 458 980 503 strenue
992 451 1027 505 ad

119 521 271 590 armigeros,
293 523 338 590 qui
362 521 479 590 proxime
503 520 689 587 sequebantur,
711 520 860 572 recessisse.
897 521 939 574 Ad
960 521 1028 574 haec

119 589 256 655 accedere,
276 589 346 660 quod
367 608 430 642 eum
450 588 621 657 Antiphanes,
642 587 728 641 scriba
746 590 873 658 equitum,
894 593 1028 658 Amyntae

120 658 310 729 denuntiasset,
321 659 405 729 pridie
417 676 496 729 quam
507 657 626 710 Philotae
639 657 726 709 scelus
738 658 935 726 deprehensum
946 669 1026 729 esset,

120 737 149 781 ut
161 746 195 781 ex
207 730 262 781 suis
274 729 349 797 equis
361 745 433 782 more
446 726 521 779 solitu
535 726 609 778 daret
623 727 663 778 his
678 728 723 795 qui
740 727 899 797 amisissent,
913 729 1027 797 superbe

120 799 294 868 respondisse,
307 798 357 850 uisi
375 799 480 866 incepto
494 795 642 862 desisteret,
657 796 730 848 brevi
748 797 873 849 sciturum
893 800 952 865 quis
969 799 1027 868 ipse

119 876 199 919 esset.
235 869 296 920 Jam
316 867 422 935 linguae
440 865 594 918 violentiam
614 865 846 934 temeritatemque
866 866 1026 938 verborum,¹

119 953 188 1006 quae
213 937 238 988 in
263 939 437 1003 semetipsum
459 934 643 1005 jacularentur,
669 934 732 986 nihil
758 934 830 986 aliud
854 952 921 1005 esse,
945 953 1027 1004 quarn

119 1005 226 1058 scelesti
238 1005 320 1056 animi
332 1005 447 1057 indicem
460 1021 492 1054 ac
504 1011 609 1055 testem.
646 1002 721 1060 Quae
733 1003 755 1054 si
768 1020 830 1056 vera
843 1016 938 1071 essent,
953 1006 1026 1060 idern

119 1072 250 1127 meruisse
269 1085 322 1140 eos,
339 1073 408 1142 quod
427 1073 566 1141 Philotam,
584 1073 605 1123 si
623 1071 699 1140 falsa,
712 1072 819 1140 exigere
837 1073 932 1142 ipsum,
947 1085 974 1127 ut
988 1091 1026 1128 re·

120 1142 220 1195 sellant.
256 1143 402 1196 Productus
419 1141 517 1194 deinde
535 1141 707 1210 Antiphanes,
721 1141 843 1212 deequis
857 1158 908 1195 non
925 1144 1027 1198 traditis

120 1222 147 1264 et
159 1212 271 1280 adjectis
283 1213 363 1264 etiam
376 1211 488 1280 superbe
501 1211 580 1263 minis
593 1211 700 1263 indicat.
999 1236 1001 1243 v

155 1285 178 1332 3.
197 1282 266 1333 Tum
284 1283 422 1350 Amyntas,
442 1280 512 1332 faeta
530 1279 636 1332 dicendi
654 1288 792 1348 potestate,
806 1280 833 1332 Si
845 1280 917 1350 nihil,
931 1282 1024 1352 iuquit,

120 1350 228 1402 interest
246 1351 321 1419 regis,
335 1360 404 1419 peto,
418 1359 453 1418 ut,
467 1349 532 1402 dum
543 1348 610 1416 dico,
623 1348 736 1401 vinculis
751 1349 855 1401 liberer.
891 1351 948 1404 Rex
960 1352 1026 1406 solvi

118 1428 258 1488 utrumque
270 1419 360 1489 jubet:
374 1419 585 1487 desiderantique
598 1422 739 1488 Amyntae,
752 1428 780 1471 ut
793 1418 909 1472 habitus²
920 1437 1025 1489 quoque

118 1488 271 1541 redderetur
294 1489 424 1556 armigeri,
446 1488 565 1540 lanceam
590 1488 647 1540 dari
669 1487 755 1556 jussit.
791 1487 877 1547 Quam
899 1498 928 1542 ut
948 1490 1026 1544 laeva

117 1557 324 1627 comprehendit,
337 1559 434 1610 evitato
447 1574 478 1610 eo
491 1558 556 1626 loeo,
569 1557 595 1609 in
610 1574 661 1626 quo
673 1557 817 1611 Alexandri
834 1575 929 1627 corpus
946 1561 1025 1629 paulo

117 1635 179 1680 ante
198 1626 323 1696 jacuerat,
342 1627 545 1696 Qualisounque,
565 1627 657 1696 inquit,
676 1629 765 1680 exitus
784 1643 831 1680 nos
851 1638 949 1699 manet,
969 1647 1023 1701 rex,

117 1697 280 1764 confitemur,
295 1700 448 1765 prosperum
461 1693 507 1749 tibi
521 1691 674 1765 debiturus,³
687 1697 827 1750 tristiorem
842 1697 962 1750 fortunae
975 1699 1024 1752 im·

136 1773 260 1818 utaturos.
293 1766 358 1831 ,Sine
370 1765 540 1836 praejudicio⁴
552 1765 667 1818 dicimus
680 1782 797 1834 causam,
811 1766 900 1819 liberis
912 1771 1024 1837 corpori-

117 1782 167 1887 hus
184 1835 342 1903 animisque.
378 1835 503 1887 Habitum
522 1836 611 1902 etiam,
625 1835 714 1904 inquo
727 1845 752 1887 te
765 1838 882 1888 comitari
899 1837 1022 1909 solemus,

117 1904 263 1956 reddidisti.
299 1904 413 1956 Causam
432 1921 482 1956 non
501 1920 648 1972 possumus,
662 1904 792 1957 fortunam
810 1905 902 1957 timere
919 1907 1022 1959 desine-

116 1989 185 2025 ruus.
222 1975 255 2025 Et
274 1989 380 2041 quaeso,
394 1974 532 2041 permittas
543 1972 608 2024 mihi
621 1972 646 2023 id
661 1975 773 2041 primum
787 1972 939 2042 defendere,
952 1977 1023 2044 quod

116 2058 133 2094 a
153 2052 179 2094 te
200 2041 325 2094 ultimum
346 2042 480 2110 objectum
500 2049 549 2093 est.
585 2042 648 2109 Nos,
670 2058 723 2110 rex,
745 2042 873 2095 sermonis
895 2044 1024 2101 adversus

116 2111 286 2180 majestatem
299 2120 372 2163 tuam
385 2111 467 2165 habiti
480 2111 577 2163 nullius
589 2111 686 2163 conscii
705 2128 798 2164 sumus
815 2112 909 2165 nobis.⁶
944 2115 1022 2169 Dice·

117 2196 171 2232 rem
189 2179 350 2250 jampridem
361 2180 459 2232 vicisse
475 2189 501 2232 te
514 2180 661 2248 invidiam,⁸
673 2180 722 2232 nisi
734 2181 883 2249 periculum
895 2194 973 2254 esset,
986 2202 1022 2239 ne

116 2249 168 2301 alia
180 2250 329 2318 malignius⁷
340 2249 411 2302 diota
423 2249 546 2302 crederes
557 2250 654 2302 blanda
666 2250 780 2302 oratione
797 2253 909 2320 purgari.
946 2255 1021 2307 Cete-

117 2334 173 2370 rum
187 2320 291 2371 etiamsi
304 2319 395 2371 militis
412 2320 449 2371 tui
463 2319 505 2371 vel
526 2320 553 2371 in
572 2321 679 2387 agmine
699 2320 848 2373 deficientis
866 2330 893 2373 et
911 2323 1020 2394 fatigati,

116 2387 159 2439 vel
179 2388 203 2438 in
221 2389 279 2440 acie
297 2388 476 2456 periclitantis,
491 2389 531 2440 vel
553 2390 580 2441 in
600 2389 769 2442 tabernaculo
785 2391 857 2457 aegri
873 2399 899 2442 et
912 2392 1021 2446 vulnera

115 2457 237 2525 curantis,
251 2458 340 2526 aliqua
352 2474 403 2510 vox
415 2458 531 2525 asperior
548 2467 618 2510 esset
637 2459 765 2526 accepta,⁸
776 2475 959 2512 merueramus
970 2461 1020 2515 for·

116 2525 185 2579 tibus
205 2525 289 2593 sactis,
311 2534 339 2578 ut
361 2526 457 2578 malles
480 2543 512 2578 ea
536 2528 646 2595 tempori
671 2535 757 2578 nostro
780 2527 917 2597 imputare,
939 2547 1019 2599 quam

114 2595 212 2648 animo.
248 2596 315 2648 Cum
326 2595 389 2664 quid
403 2595 500 2648 accidit
512 2595 616 2663 tristius,
626 2611 718 2648 omnes
731 2596 768 2647 rei
780 2597 860 2666 sunt,⁹
870 2599 1020 2667 corporibus

114 2665 216 2733 nostris,
226 2682 294 2733 quae
304 2665 414 2733 utique¹⁰
422 2681 473 2718 non
482 2664 594 2734 odimus,
605 2664 714 2717 infestas
722 2665 896 2720 admovemus
908 2686 1018 2724 manus:

119 2760 278 2895 ζέξῗῑῑέᾆῑ,
287 2788 402 2895 qqqerqqlp
403 2790 563 2896 11elpppessions
574 2805 600 2838 or
611 2790 746 2851 lauguage!

142 2906 254 2975 'Supply
263 2884 306 2955 iios
318 2916 359 2975 out
370 2906 398 2954 of
409 2885 450 2954 the
478 2907 573 2956 rericus
584 2909 674 2958 clause.

142 2969 151 2993 ⁴
164 2965 290 3013 ‘Wrtlrout
301 2967 373 3026 berug
384 2967 451 3026 preju
468 2966 531 3026 ged’
549 2967 587 3014 He
599 2983 682 3016 means
693 2967 754 3024 that,
765 2968 835 3016 when
845 2969 869 3017 in
878 2970 961 3019 chains
971 2971 1019 3020 and

112 3023 227 3084 deprived
238 3025 265 3072 ol
272 3025 309 3073 his
320 3040 393 3079 arms,
406 3025 436 3093 he
448 3025 494 3072 had
505 3027 602 3074 seemed
615 3043 641 3075 as
652 3027 673 3075 if
684 3026 781 3088 already
791 3029 948 3078 condemned.

143 3085 198 3131 'As
209 3084 286 3152 tolthe
298 3094 460 3132 constructron
471 3084 499 3132 cl
505 3087 619 3154 cmrsciaq,
632 3101 673 3134 see
687 3087 766 3134 Gram.
778 3087 853 3145 iffi,
866 3092 888 3144 2,
901 3098 958 3136 nota
965 3091 986 3138 2.

139 3142 763 3252 lillihilriss’ehiiiairrhlilirisairiviigdilliimseiiiidil'
773 3210 828 3253 ‘too
836 3205 852 3233 ·’
865 3205 945 3255 narnel
984 3206 1000 3254 b

110 3275 156 3320 sup
174 3261 181 3308 l
200 3261 240 3321 ing
251 3218 373 3322 quamliar
384 3270 426 3316 est,
442 3218 691 3329 ‘morepmalignantly
702 3259 792 3332 thanis
803 3239 866 3324 right
877 3279 904 3312 cr
914 3220 975 3312 liiii
1001 3220 1017 3267 y

139 3323 148 3349 ⁸
187 3319 276 3380 amely‚
289 3323 399 3376 cumbum
412 3320 559 3388 equivalent,
572 3321 700 3378 therefore,
712 3331 738 3370 to
748 3325 840 3371 aaddc.

127 3381 148 3466 ἐ
156 3378 377 3489 fflffifflid
385 3379 402 3439 ς’
415 3379 468 3429 that
479 3393 509 3439 rs,
524 3384 577 3431 ‘we
585 3380 672 3432 blame
681 3381 735 3432 and
741 3395 834 3432 aeeuse
843 3393 920 3442 euerq
931 3376 996 3424 one}
