2274 3772
450 231 451 234 Ἴ
482 178 574 219 aissa
594 178 658 219 rur.
969 162 1028 219 227

114 287 171 345 fere
191 289 228 358 fit,
250 287 391 342 immodico
415 287 505 340 labore
523 285 657 341 vincente.
701 286 759 341 Rex
781 292 881 356 tamen,
903 285 1027 340 subinds¹

116 376 199 428 equos
229 368 342 426 mutans,
367 356 425 410 sine
447 357 642 409 intermissione
665 355 799 424 fugientes
827 354 1027 425 insequebatur.

116 428 226 482 Nobiles
237 427 349 496 juvenes
360 427 479 480 comitari
492 443 555 479 euru
568 425 639 478 soliti
647 425 800 479 defecerant
812 434 919 494 praeter
929 424 1027 495 Philip-

116 514 190 621 pum.
226 496 380 566 Lysimachi
399 505 454 548 erat
471 495 558 565 lrater,
572 504 630 549 tum
647 495 763 566 primum
781 493 895 563 adultus,
909 503 943 563 ct,
957 493 1028 564 quod

127 584 144 620 a

144 566 195 620 cile
212 567 369 636 appareret,2
386 565 480 618 indolis
497 582 580 618 rarae.
616 566 642 618 ls
662 564 751 635 pedes,
770 564 927 618 incredibile
945 565 1027 636 dictu,

116 653 164 708 per
175 637 198 688 D
209 636 296 688 stadia
305 645 412 688 vectum
425 651 516 704 regem
528 635 670 688 comitatus
682 644 729 701 est,
743 651 824 704 saepe
837 651 937 703 equum
949 651 1027 688 suum

116 706 243 760 offerente
255 704 424 775 Lysimacho,
438 722 488 757 nec
507 714 596 758 tamen
616 715 645 758 ut
657 704 840 772 digrederetur
850 721 867 756 a
880 721 942 771 rege
954 703 1028 758 effici

116 775 207 846 potuit,
221 792 283 828 curn
302 775 383 827 lorica
401 775 510 828 indutus
529 792 603 827 arma
622 774 758 844 gestaret.³
792 774 877 843 ldem,
889 791 951 826 curn
969 784 1028 843 per·

115 859 227 900 ventum
245 853 316 897 esset
333 845 359 896 in
377 844 482 912 saltum,
496 845 522 897 in
540 861 592 913 quo
611 861 640 896 se
658 842 765 897 barbari
776 842 940 912 abdiderant,
954 843 1027 897 nobi·

116 914 171 968 lem
189 913 273 966 edidit
293 930 418 982 pugnam,
440 931 584 982 regemque
604 913 755 967 comminus
773 930 836 965 cum
856 912 931 965 hoste
950 912 1028 966 dimi·

116 992 224 1036 cantem
248 984 368 1052 protexit.
416 983 467 1036 Sed
491 995 632 1053 postquam
654 982 759 1036 barb¹ari
782 982 810 1035 in
833 982 923 1051 lugam
948 982 1028 1036 effusi

116 1052 258 1106 deseruere
277 1052 365 1121 silvas,
384 1055 497 1122 animus,
517 1053 606 1121 quiin
625 1054 717 1105 ardore
735 1068 840 1121 pugnae
859 1069 954 1122 corpus
972 1069 1028 1106 sus·

116 1130 271 1189 tentaverat,
291 1121 367 1190 liquit
377 1126 395 1190 3⁴
418 1123 556 1191 subitoque
576 1139 610 1175 ex
629 1121 752 1175 omnibus
771 1122 901 1175 membris
923 1121 1030 1192 profuso

117 1191 220 1259 sudore,
233 1191 333 1244 arboris
350 1191 486 1261 proximae
505 1192 585 1261 stipiti
604 1209 633 1245 se
651 1191 786 1261 applicuit.
822 1192 926 1245 Deinde
938 1209 972 1245 ne
984 1191 1029 1244 illo

116 1261 226 1331 quidem
245 1260 406 1314 adminiculo
427 1261 580 1331 sustinente,
601 1261 725 1315 manibus
745 1261 814 1330 regis
832 1270 960 1330 exceptus
979 1269 1028 1328 est,

116 1332 183 1384 inter
194 1347 262 1399 quas
273 1328 404 1400 collapsus
415 1332 582 1400 extinguitur.
618 1332 756 1387 Maestum
774 1348 866 1400 regern
876 1331 945 1383 alius
957 1330 1029 1383 haud

116 1399 184 1452 levis
207 1399 278 1452 dolor
301 1401 414 1470 excepit.
463 1402 588 1472 Erigyius
611 1402 678 1454 inter
700 1401 785 1454 claros
813 1402 898 1454 duces
924 1400 1029 1469 luerat;

115 1487 197 1540 quem
227 1469 387 1525 exstinctum
416 1487 483 1540 esse,
514 1471 592 1541 paulo
621 1483 765 1540 antequam
794 1479 971 1524 reverteretur
1000 1471 1028 1525 in

115 1541 211 1592 castra⁵
240 1540 369 1607 cognouit.
412 1541 567 1611 Utriusque
583 1540 663 1594 funus
691 1541 764 1595 omni
791 1550 918 1612 apparatu
946 1550 1029 1610 atque

114 1608 211 1662 honore
224 1608 389 1665 celebratum
400 1621 449 1664 est.

152 1686 191 1732 tl.
210 1678 300 1734 Dahas
328 1681 425 1734 deinde
454 1689 580 1734 statuerat
609 1689 714 1750 petere:
742 1680 779 1734 ibi
802 1697 918 1750 namque
944 1681 1028 1750 Spita·

114 1765 222 1802 rnenern
235 1767 296 1802 esse
307 1759 471 1818 cognoverat.
509 1750 560 1803 Sed
575 1750 762 1819 huncquoque
779 1751 985 1819 expeditionem,
998 1759 1028 1802 ut

114 1817 241 1889 pleraque
258 1819 318 1888 alia,
337 1822 440 1873 lortuna
458 1819 619 1887 indulgendo
637 1820 672 1872 eil
689 1836 825 1888 nunquam
846 1820 961 1887 fatigata,
981 1835 1029 1888 pro

114 1889 226 1942 absente
255 1890 390 1956 transegit.
442 1888 609 1957 Spitamenes
639 1889 728 1940 uxoris
763 1888 907 1941 immodico
936 1905 1027 1940 amore

114 1958 258 2027 flagrabat,
276 1975 358 2026 quam
369 1974 449 2025 aegre
466 1957 557 2026 fugam
576 1972 603 2010 et
621 1975 688 2009 nova
701 1957 813 2011 subinde
826 1958 904 2010 exilia
918 1958 1028 2011 toleran-

115 2037 169 2080 tem
190 2029 216 2079 in
234 2043 313 2079 omne
331 2026 476 2079 discrimen
493 2026 619 2080 comitem
637 2028 765 2079 trahebat.
802 2026 851 2079 llla
869 2027 948 2080 malis
966 2026 1027 2080 lati·

113 2105 176 2164 gata
198 2095 356 2149 identidem
379 2095 525 2149 muliebres
543 2095 672 2149 adhibere
695 2095 844 2166 blanditias,
866 2108 894 2150 ut
918 2096 1027 2152 tandem

114 2166 205 2234 fugam
226 2166 337 2236 sisteret,
355 2167 513 2235 victorisque
533 2166 677 2219 Alexandri
698 2166 873 2220 clementiam
892 2176 1026 2237 expertus,

114 2235 231 2304 placaret
243 2253 323 2304 quem
336 2235 456 2304 effugere
475 2253 525 2289 non
538 2245 636 2306 posset.
672 2237 739 2290 Tres
755 2236 841 2290 adulti
859 2246 932 2290 erant
950 2237 1027 2290 liberi

113 2321 148 2359 ex
160 2322 191 2356 eo
203 2305 284 2372 geniti
293 2305 311 2356 :⁸
328 2322 394 2373 quos
411 2323 472 2359 cum
485 2306 585 2376 pectori
603 2307 685 2376 patris
701 2307 870 2375 admovisset,
885 2316 913 2360 ut
930 2307 1027 2360 saltem

114 2390 206 2427 eorum
232 2374 351 2427 misereri
374 2375 462 2445 vellet,
488 2377 594 2443 orabat,
623 2383 650 2428 el
674 2393 726 2445 quo
749 2376 914 2429 efficaciores
937 2385 1027 2429 essent

113 2460 213 2514 preces,
238 2443 308 2496 haud
332 2443 422 2512 procul
450 2453 506 2507 erat
529 2444 689 2498 Alexander.
736 2445 784 2498 llle
810 2463 839 2498 se
867 2445 949 2514 prodi,
975 2462 1026 2499 non

113 2515 214 2566 moneri
233 2522 311 2581 ratus,
325 2522 352 2566 et
369 2513 470 2566 formae
490 2513 606 2582 prolecto
625 2513 724 2566 fiducia
740 2531 840 2583 cupere
858 2531 919 2567 earn
932 2532 1026 2583 quam·

113 2582 228 2652 primum
262 2581 325 2635 dedi
352 2581 511 2653 Alexandro,
541 2583 679 2636 acinacem
713 2584 824 2652 strinxit,
854 2600 1028 2654 percussurus

142 2728 149 2751 ¹
162 2721 250 2769 ‘From
262 2721 319 2769 time
330 2732 356 2769 to
366 2721 442 2770 time!

139 2786 150 2811 ¹
162 2780 268 2828 ‘Which
277 2780 355 2841 might
363 2781 440 2842 easily
448 2783 479 2830 be
487 2781 583 2830 erident
591 2781 608 2839 ;'
621 2781 727 2841 namely,
738 2780 759 2829 if
765 2795 814 2842 you
822 2781 870 2831 bad
878 2783 941 2831 been
950 2782 1026 2833 there.

113 2840 366 2987 ξῖθ*ἓ11167ἶ,11636411166
377 2899 415 2948 his
422 2915 530 2971 armam,
542 2899 572 2948 he
582 2900 673 2949 carried
682 2899 721 2949 bis
732 2899 812 2948 arms.¹

141 2957 518 3086 seruandam...
626 3049 629 3053 .
779 3077 784 3088 ,

139 3083 148 3107 ⁸
161 3076 339 3146 ‘lnlrndulgrng
348 3077 416 3145 him!
448 3077 555 3126 Fortune
564 3077 624 3126 toolr
630 3077 671 3127 the
682 3088 771 3128 matter
777 3087 829 3128 tuto
835 3079 879 3130 her
885 3095 941 3129 orrn
949 3078 1024 3138 hand,

111 3135 385 3243 anylfilppslreeaqeqlru‘hrs
396 3137 508 3185 absence.

139 3253 188 3302 ’111
224 3254 303 3315 nglish
314 3211 352 3303 lio
363 3255 439 3362 spealr
449 3254 483 3324 ol,
489 3255 598 3304 children
606 3255 680 3318 being
689 3258 751 3305 bom
763 3257 812 3305 ‘to'
824 3257 866 3306 the
878 3257 964 3313 father,
977 3256 1025 3306 aud

113 3312 165 3361 ‘of’
187 3313 228 3361 the
247 3314 349 3361 mother.
395 3329 410 3361 n
429 3313 502 3362 Latin
515 3315 626 3364 lilrewise
642 3333 669 3364 ea
683 3316 703 3364 is
720 3316 816 3376 usually
831 3316 931 3384 applied
942 3325 970 3382 to
982 3315 1032 3360 tha

110 3371 220 3429 alathen
238 3373 282 3421 but
298 3372 366 3422 there
376 3388 417 3422 are
428 3373 500 3422 slew
510 3374 635 3424 instances
644 3374 673 3425 iu
680 3375 778 3430 which.
786 3389 819 3423 aa
827 3368 1055 3428 heremum&

109 3429 139 3481 ol
150 3430 191 3480 tlre
199 3430 285 3481 father.
315 3431 365 3482 See
376 3432 477 3497 Zumpt,
491 3433 574 3496 last,
584 3445 656 3490 notae
