2274 3772
445 239 446 242 η
486 218 577 257 staca
597 219 660 259 vm.
967 205 1025 259 237

120 338 205 381 semet
223 326 327 396 objecit,
345 328 472 394 vultuque
492 337 518 379 et
538 326 622 389 oculis
635 336 736 380 motum
756 328 916 397 praeferens¹
935 328 1024 398 animi,

120 408 147 450 ut
171 398 267 449 rediret
290 398 315 448 in
340 397 491 449 convivium
516 398 632 449 monuit:
658 406 684 449 et
704 398 749 450 ille
770 416 816 466 per
836 397 936 465 ludum,
958 397 1026 449 bene

119 470 183 519 deos
207 467 326 534 suadere,
346 466 486 534 respondit,
507 467 688 535 revocatisque
706 468 801 519 amicis
818 467 842 518 in
864 468 953 518 horam
972 467 1026 518 diei

119 538 202 588 ferme
227 535 373 588 secundam
399 536 511 587 convivii
541 546 646 604 tempus
674 539 794 610 extraxit.
841 537 900 588 Jam
925 537 968 587 alii
993 553 1027 589 ex

119 608 224 658 cohorte
242 606 268 656 in
287 606 426 657 stationem
445 615 635 674 successerant,
648 616 710 656 ante
728 605 841 658 cubiculi
859 605 929 656 fores
948 623 1026 658 excu-

119 676 205 745 bituri,
219 675 307 727 adhuc
320 684 408 726 tamen
422 673 549 743 conjurati
563 674 675 742 stabant,
688 677 747 726 vice
760 675 838 726 officii
852 675 891 726 sui
906 676 1011 742 expleta
1019 692 1026 742 5

118 746 184 797 adeo
198 746 318 813 pertinax
330 761 391 812 spes
404 753 451 810 est,
466 760 545 811 quam
559 743 691 795 humanae
709 743 815 796 mentes
827 744 1025 796 devoraverunt.

118 815 175 866 Rex
189 815 326 880 benignius
337 830 417 881 quam
430 813 496 863 alias
508 813 644 880 allocutus,
658 813 795 865 discedere
808 830 853 864 eos
864 813 898 864 ad
911 816 1026 865 curanda

118 901 232 951 corpora,
254 883 380 951 quoniam
401 891 454 932 tota
474 891 549 933 nocte
570 883 750 951 perstitissent,
769 882 852 952 jubet.
888 883 955 934 Data
975 884 1026 934 sirr-

117 953 187 1020 gulis
211 953 400 1020 quinquaginta
424 952 564 1020 sestertia,2
587 951 750 1020 collaudatis,
772 951 840 1021 quod
864 953 945 1003 etiam
970 951 1027 1004 aliis

119 1023 214 1073 tradita
227 1022 294 1090 vice,
308 1030 398 1072 tamen
411 1021 541 1072 excubare
554 1030 773 1089 perseverassent.

155 1096 195 1142 23.
216 1090 254 1142 llli
268 1100 339 1142 tanta
358 1107 404 1157 spe
423 1090 539 1140 destituti
559 1090 660 1140 domos³
677 1090 783 1142 abeunt.
821 1091 854 1142 Et
872 1089 951 1141 ceteri
970 1090 1026 1158 qui·

118 1159 180 1212 dem
205 1159 380 1228 expectabant
404 1161 523 1210 stationis
546 1176 610 1211 suae
640 1170 760 1211 noctem:
792 1159 945 1227 Epimenes,
971 1162 1026 1211 sive

118 1232 243 1280 comitate
257 1230 333 1296 regis,
347 1245 399 1296 qua
412 1229 498 1296 ipsum
512 1229 579 1279 inter
591 1229 738 1295 conjuratos
756 1238 904 1296 exceperat,
920 1240 1027 1296 repente

119 1309 241 1365 mutatus,
262 1299 317 1350 sive
336 1298 399 1365 quia
417 1299 516 1366 coeptis
534 1297 598 1349 deos
615 1299 719 1350 obstare
738 1297 871 1362 credebat,
891 1298 960 1348 fratri
980 1315 1027 1349 suo

120 1369 276 1437 Eurylocho,
290 1384 370 1436 quem
381 1376 459 1418 antea
476 1379 611 1435 expertem
629 1384 687 1418 esse
706 1368 807 1419 consilii
826 1366 951 1435 vuluerat,
965 1368 1027 1434 quid

118 1448 260 1506 pararetur,
280 1438 371 1504 aperit.
398 1437 545 1496 ,Omnibus
569 1436 686 1488 Philotae
711 1436 869 1506 supplicium
895 1436 922 1487 in
946 1436 1028 1487 oculis

118 1516 183 1558 erat:
230 1508 321 1575 ltaque
346 1507 463 1574 protinus
487 1505 569 1574 injicit
594 1506 663 1557 fratri
689 1525 804 1574 manum,
826 1515 852 1557 et
876 1506 901 1556 in
927 1505 1026 1573 tegnam

118 1577 244 1645 pervenit,
262 1576 434 1644 excitatisque
452 1575 607 1628 custodibus
624 1578 756 1644 corporis,⁴
773 1575 807 1627 ad
826 1575 938 1626 salutem
959 1575 1027 1642 regis

118 1648 255 1715 pertinere,
269 1662 336 1714 quae
355 1645 468 1714 afferret,
482 1646 604 1696 affirmat.
644 1647 675 1697 Et
695 1654 807 1714 tempus,
822 1662 873 1713 quo
892 1655 1025 1712 venerant,

118 1725 144 1766 et
158 1715 246 1766 vultus
258 1715 327 1766 haud
342 1732 404 1765 saue
419 1716 502 1766 securi
515 1715 596 1765 animi
610 1715 696 1782 index,
711 1725 737 1766 et
751 1715 883 1765 maestitia
896 1731 911 1764 e
924 1714 1027 1765 (luobus

117 1785 233 1852 alterius,
248 1784 431 1836 Ptolemaeum
449 1802 480 1833 ac
500 1785 662 1835 Leonnatum
683 1784 847 1835 excubantes
864 1785 896 1833 ad
911 1783 1027 1835 cubiculi

118 1855 200 1906 limen
212 1853 402 1904 excitaverunt.
438 1853 530 1920 Itaque
549 1854 646 1919 apertis
664 1852 771 1919 foribus,
785 1862 811 1903 et
830 1852 929 1902 lumine
946 1852 1025 1919 illato,

118 1923 233 1990 sopitum
264 1938 335 1972 mero
359 1938 391 1972 ac
415 1938 506 1972 somno
536 1922 651 1974 excitant
682 1938 780 1988 regem.
829 1919 875 1971 llle
898 1920 1025 1987 paulatim

119 2001 208 2044 mente
232 1991 350 2059 collecta,
376 1991 437 2058 quid
461 1990 592 2056 afferrent,
618 1991 766 2056 interrogat.
808 1991 867 2041 Nec
890 1999 1028 2041 cunctatus

119 2060 291 2129 Eurylochus,
311 2077 362 2110 non
386 2077 419 2111 ex
444 2069 495 2110 toto
516 2058 624 2111 domum
644 2076 718 2110 suam
738 2058 851 2109 aversari
870 2058 934 2108 ‹leos
952 2059 1024 2126 dixit,

117 2131 180 2198 quia
200 2129 279 2180 frater
303 2129 391 2197 ipsius,
414 2145 574 2196 quamquam
598 2129 707 2196 impium
727 2127 831 2179 facinus
851 2144 931 2178 ausus
952 2127 1024 2196 foret,

118 2211 206 2251 tamen
231 2209 257 2251 et
280 2198 467 2266 poeniteutiam
489 2198 546 2266 ejus
568 2207 667 2266 ageret,
688 2206 714 2248 et
738 2214 784 2266 per
808 2214 836 2248 se
860 2197 1024 2264 potissimum

118 2267 425 2347 profitereturindicium.
457 2269 484 2318 ln
499 2285 557 2318 eam
573 2269 656 2335 ipsam
668 2276 781 2335 noctem,
795 2284 863 2335 quae
875 2265 1024 2333 decederet,

118 2338 227 2389 insidias
239 2351 403 2405 comparatas
416 2336 510 2404 fuisse,
524 2346 644 2389 auctores
656 2336 762 2387 scelesti
770 2335 872 2387 consilii
883 2352 949 2402 esse,
961 2351 1026 2403 quos

118 2407 229 2459 minime
249 2407 368 2458 crederet
389 2424 442 2458 rex,
479 2407 548 2458 Tum
569 2407 713 2474 Epimenes
733 2417 828 2456 cuncta
848 2404 944 2470 ordine,
966 2420 1026 2454 cou-

118 2477 285 2544 sciorumque
298 2476 403 2526 nomina
415 2475 528 2543 exponit.
566 2474 743 2526 Callisthenen
762 2491 812 2524 uon
831 2481 860 2524 ut
872 2474 1025 2540 participem

118 2545 240 2597 facinoris
261 2545 425 2597 nominatum
446 2563 505 2595 esse
525 2543 668 2611 constabat,
689 2543 863 2594 sed-solitum
885 2557 1024 2608 puerorum

119 2613 283 2667 sermonibus
309 2615 515 2683 vituperantium
543 2613 791 2679 criminantiumque
817 2627 906 2678 regem
934 2610 1027 2661 faciles

118 2701 196 2736 aures
219 2683 354 2752 praebere.
390 2683 506 2740 Quidam
529 2682 663 2750 adjiciunt,
688 2698 750 2733 cum
776 2679 932 2732 Hermolaus
955 2679 1024 2748 apud

118 2771 180 2806 eum
201 2770 306 2822 quoque
328 2753 494 2804 verberatum
513 2769 542 2804 se
561 2770 578 2803 a
598 2767 659 2816 rege
674 2759 833 2819 quereretur,
851 2749 948 2801 dixisse
968 2748 1026 2801 Cal-

118 2823 257 2888 listhenen‚
277 2823 431 2874 meminisse
448 2822 547 2874 debere
566 2839 611 2872 eos
628 2820 683 2889 jam
702 2821 773 2872 vires
790 2835 849 2871 esse
860 2820 878 2870 :⁵
896 2818 974 2888 idque
992 2818 1027 2871 ad

146 2971 154 2992 ¹
166 2963 311 3023 Equivalent
322 2973 347 3010 to
357 2981 413 3024 prce
424 2965 545 3023 ecfercite,
561 2961 726 3020 ‘exhibiting.’

145 3029 219 3075 'Our
230 3029 316 3075 author
331 3028 398 3087 gives
415 3042 443 3072 us
460 3027 500 3072 the
512 3042 565 3072 sum
582 3026 606 3072 in
622 3026 717 3073 Roman
733 3039 828 3084 money.
859 3024 884 3070 A
894 3025 1027 3074 sestertium

117 3088 228 3146 equulled
238 3099 277 3134 ten
288 3087 381 3135 Roman
390 3085 445 3145 gold
452 3087 541 3142 pieces
550 3084 629 3131 which
638 3100 700 3131 were
708 3083 735 3132 ol'
742 3083 824 3143 nearly
833 3083 874 3130 the
881 3097 948 3130 same
957 3081 1027 3127 value

117 3163 143 3194 as
155 3147 196 3193 the
209 3148 292 3193 Greek
303 3147 388 3193 darios.
421 3144 569 3197 Alexander,
583 3143 709 3198 therefore,
722 3143 839 3202 probably
850 3156 910 3202 gave
927 3150 952 3186 to
968 3140 1027 3186 each

116 3221 176 3266 page
188 3206 234 3253 five
247 3205 355 3254 hundred
366 3204 488 3251 darios-a
498 3218 556 3262 very
568 3203 715 3261 respectable
727 3218 790 3250 sum.

146 3275 154 3298 ¹
168 3275 173 3296 ¹
183 3271 261 3318 Home
270 3272 286 3327 ;'
297 3271 347 3317 that
357 3271 385 3323 is,
396 3283 469 3326 every
477 3283 521 3314 oue
530 3278 554 3313 to
564 3267 600 3314 his
610 3283 665 3314 own
672 3267 752 3324 home;
767 3265 886 3314 therefore
894 3263 935 3309 the
944 3261 1027 3321 plural.

144 3342 153 3364 ⁴
165 3337 219 3383 The
231 3337 407 3396 σωματοφύλακες
418 3334 498 3380 whom
510 3348 546 3380 we
558 3332 619 3379 have
630 3347 658 3378 so
668 3331 737 3379 often
744 3328 898 3379 mentioued.
913 3348 919 3356 ·
940 3385 946 3394 ¹
1018 3381 1024 3388 ,

143 3393 162 3506 ἒ
163 3399 202 3455 Se,
216 3399 310 3506 supject
327 3408 351 3446 to
367 3415 425 3456 asae,
439 3397 516 3461 ought
525 3407 553 3446 to
562 3395 629 3446 heve
640 3397 713 3445 been
727 3379 1061 3455 exsxsssesmsvfflbrt

110 3473 142 3506 uu
160 3468 266 3506 erstoo.
