2274 3772
139 100 197 159 tto
405 115 444 155 nn
469 115 575 182 cns—urs
597 117 782 158 aanxruunr.

136 223 183 279 ubi
201 241 250 278 nos
262 224 395 278 uberrima
406 224 531 277 victoriae
543 226 662 295 praemia
674 234 824 295 expectant,
838 225 969 294 liberum,¹
983 242 1045 279 con·

134 293 236 364 jugum,
249 303 441 363 parentumque
459 294 568 363 laetitia,
581 311 641 364 pax,
654 296 737 364 quies,
751 312 838 347 rerum
855 312 902 364 per
918 295 1045 348 virtutem

134 371 270 434 partarum
281 380 376 416 secura
387 363 527 432 possessio.
564 362 614 416 Sed
633 365 659 416 in
677 381 752 433 novo,
766 373 792 417 et
807 364 842 434 (si
853 381 948 416 verum
966 363 1044 417 fateri

134 432 268 502 volumus)
280 432 395 501 precario
413 432 543 501 irnperio,2
554 431 642 495 adhuc
659 432 753 502 jugum
770 433 828 502 ejus
843 432 925 500 rigida
937 434 1044 486 cervice

135 501 310 556 subeuntibus
325 501 450 571 barbaris,
464 510 589 570 tempore,
603 502 708 571 milites,
721 519 787 571 opus
798 512 846 570 est,
859 502 924 555 dum
937 502 1044 554 mitiori-

135 571 186 626 bus
203 571 314 639 ingeniis
332 570 492 640 imbuuntur,
506 581 533 623 et
545 571 668 623 efferatos
686 572 788 624 mollior
804 572 966 624 consuetudo
985 589 1041 640 per·

135 640 254 703 uruloet.a
289 640 389 708 Fruges
408 656 513 709 quoque
533 641 712 693 maturitatem
732 650 827 694 statuto
849 642 976 708 tempore⁴
997 658 1042 693 ex·

169 719 256 763 ctant:
281 709 348 762 adeo
367 709 449 761 etiam
470 709 515 761 illa
535 726 629 762 sensus
648 710 734 762 omnis
751 711 869 778 expertia
887 719 975 762 tamen
994 727 1043 762 sua

144 795 195 848 ege
212 779 363 837 mitescunt.
399 777 487 836 uuidt
506 778 613 832 creditis
631 789 667 831 tot
684 788 785 846 gentes,
805 779 912 830 alterius
930 778 1041 847 imperio

134 864 167 901 ac
177 850 283 902 nornine
295 850 434 916 assuetas,⁶
446 864 495 900 non
509 848 598 917 sacris,
612 865 662 900 non
675 848 799 914 moribus,
815 865 863 900 non
883 849 1040 900 commercio

134 917 239 986 liuguae
257 917 395 971 nobiscum
414 916 593 986 cohaerentes,
613 916 708 970 eodem
727 917 825 986 proelio
842 917 955 968 domitas
973 933 1038 986 esse,

70 1021 72 1036 .
133 1003 185 1057 quo
194 989 280 1053 rictas
292 986 371 1039 suutl
399 987 501 1039 Vestris
512 987 592 1038 armis
603 987 776 1053 continentur,
787 1003 837 1039 uon
851 987 905 1038 suis
916 985 1039 1055 moribus,

135 1064 162 1110 et
179 1056 224 1126 qui
241 1065 395 1125 praesentes
411 1063 541 1124 metuunt,
561 1056 587 1107 in
605 1055 727 1108 absentia
746 1053 836 1108 hostes
855 1064 937 1107 eruut.
974 1055 1040 1106 Cum

135 1123 206 1188 feris,
214 1125 308 1178 bestiis
320 1132 421 1192 resset,
435 1141 502 1194 quas
513 1134 605 1194 captas
617 1135 643 1177 et
655 1125 779 1194 inclusas,
792 1125 855 1193 quia
868 1126 983 1193 ipsarum
996 1141 1040 1176 ua·

134 1203 194 1259 tura·
203 1211 255 1247 non
267 1202 360 1265 potest,
373 1194 474 1261 longior
486 1194 544 1247 dies
555 1194 666 1262 mitigat.

168 1269 193 1318 8.
213 1265 247 1318 Et
264 1263 353 1316 adhuc
372 1263 410 1315 sic
427 1280 484 1332 ago,
503 1273 628 1332 tanquam
647 1264 736 1316 omnia
754 1263 865 1316 subacta
883 1263 933 1313 sint
951 1262 1039 1331 armis,

134 1350 202 1404 quae
214 1333 320 1386 luerunt
332 1333 358 1385 iu
370 1331 473 1384 dicione
487 1333 571 1385 Darei.
608 1332 769 1402 Hyrcaniam
781 1333 953 1386 Nabarzanes
965 1348 1040 1384 occu·

134 1403 207 1472 pavit
215 1419 222 1471 3
240 1403 396 1461 Bactranon
409 1401 525 1470 possidet
538 1401 622 1454 solum
635 1401 763 1470 parricida
775 1402 880 1470 Bessus,
895 1400 940 1452 sed
960 1402 1039 1453 etiam

135 1472 263 1536 minatur;
281 1470 411 1538 Sogdiani,
425 1471 524 1540 Dahae,
537 1469 714 1539 Massagetae,
731 1471 822 1539 Sacae,
841 1470 899 1523 ludi
917 1470 956 1522 sui
974 1470 1041 1539 juris

134 1549 203 1594 sunt.
239 1540 338 1606 Omnes
350 1538 384 1607 hi,
398 1537 477 1591 simul
489 1549 562 1606 terga
574 1550 660 1592 nostra
673 1541 792 1608 viderint,
803 1539 964 1609 sequentur.⁶
998 1539 1040 1592 Illi

134 1609 207 1663 euim
219 1607 340 1677 ejusdem
356 1607 468 1660 nationis
479 1617 547 1678 sunt,
560 1625 608 1660 nos
619 1609 784 1677 alienigenae
797 1616 824 1660 et
836 1609 944 1661 externi.
982 1608 1041 1662 Suis

133 1678 245 1748 quisque
268 1686 359 1740 autem
381 1676 511 1746 placidius
533 1687 615 1748 paret,
636 1678 718 1732 etiam
741 1695 804 1731 cum
826 1679 850 1731 is
871 1686 976 1747 praeest
994 1678 1040 1746 qui

133 1748 220 1816 magis
240 1745 326 1799 timeri
348 1753 442 1816 potest.
478 1746 590 1801 Proinde
608 1756 653 1800 aut
670 1764 739 1816 quas
757 1748 878 1816 cepimus
894 1745 1041 1799 omittenda

134 1825 202 1886 sunt,
215 1824 261 1869 aut
274 1831 342 1937 puae
355 1831 405 1867 nou
418 1814 549 1869 habemus
566 1814 727 1886 occupanda.
763 1817 835 1869 Sicut
849 1817 876 1868 in
888 1814 1040 1885 corporibus

133 1886 226 1955 aegris,
243 1885 348 1954 miltes,
365 1883 430 1936 nihil
448 1884 517 1954 quod
536 1886 682 1938 nociturum
700 1894 748 1955 est,
765 1885 863 1938 medici
883 1885 1038 1954 relinquunt,

134 1955 173 2009 sio
195 1970 250 2023 nos,
271 1952 395 2023 quicquid
419 1953 505 2007 obstat
524 1953 641 2024 imperio,
664 1955 820 2007 recidamus.
856 1955 939 2008 Parva
959 1971 1039 2023 saepe

134 2022 247 2077 scintilla
259 2031 410 2101 contempta
423 2040 548 2092 magnum
562 2024 685 2076 excitavit
697 2024 858 2077 incendium.
895 2023 968 2076 Nihil
983 2031 1039 2075 tuto

134 2092 161 2146 iu
179 2091 254 2144 hoste
272 2091 431 2160 despicitur:
451 2109 531 2160 quern
544 2093 680 2161 spreveris,
694 2093 864 2146 valentiorem
880 2092 1039 2160 negligentia

134 2158 227 2214 facias.
249 2161 305 2213 'Ne
324 2159 427 2213 Dareus
445 2160 554 2229 quidem
571 2161 757 2222 hereditarium
778 2162 916 2214 Persarum
935 2162 1039 2230 accepit

134 2229 285 2300 imperium,
299 2229 346 2282 sed
365 2231 392 2282 iu
410 2229 501 2282 sedern
520 2230 588 2299 Cyri,
602 2229 731 2283 beneficio
749 2231 852 2298 Bagoae
868 2230 976 2284 castrati
993 2230 1038 2282 hc·

133 2299 220 2370 minis,
244 2298 391 2352 admissus:
422 2315 455 2351 ue
480 2316 526 2351 vos
549 2316 644 2368 magno
668 2299 756 2352 labore
780 2299 903 2352 credatis⁷
926 2299 1039 2352 Bessum

134 2386 249 2429 vacuum
261 2384 370 2437 regnum
383 2377 581 2437 occupaturum.

168 2443 192 2492 9.
211 2440 267 2492 Nos
285 2454 347 2491 vero
365 2439 542 2508 peccavimus,
562 2437 668 2506 milites,
687 2438 709 2490 si
728 2439 843 2491 Dareum
862 2438 896 2491 ob
914 2438 964 2490 hoc
976 2437 1039 2491 vici·

134 2518 202 2578 mus,
227 2516 255 2560 ut
279 2524 355 2560 servo
379 2507 437 2578 ejus
464 2507 628 2559 traderemus
656 2508 812 2576 imperium:
843 2508 888 2576 qui
913 2508 1039 2575 ultimum

133 2593 214 2630 ausus
237 2577 332 2645 sceluS,
351 2593 442 2645 regem
465 2595 551 2645 suum,
572 2576 653 2631 etiam
677 2585 801 2628 externae
824 2578 880 2645 opis
904 2572 1037 2644 egeritem,

134 2654 205 2699 certe
223 2647 266 2698 cui
285 2663 333 2698 nos
350 2647 463 2699 victores
480 2646 698 2715 pepercissemus,
711 2646 786 2715 quasi
798 2646 930 2714 captivum
945 2646 970 2698 in
983 2646 1039 2698 vin·

134 2708 201 2767 culis
218 2714 319 2783 habuit,
337 2715 372 2767 ad
391 2714 521 2782 ultimum,
540 2732 573 2767 ne
592 2733 608 2767 a
626 2714 700 2767 nobis
718 2715 866 2767 conservari
883 2723 978 2784 posset,
995 2732 1038 2768 oc·

163 2835 170 2857 ¹
181 2828 202 2876 F
203 2843 230 2876 or
240 2830 369 2876 liberorum.
401 2828 448 2875 See
462 2828 540 2876 Grcm.
554 2829 566 2879 b
578 2832 615 2884 58,
628 2833 649 2875 5.

161 2888 207 2934 ”A
222 2887 344 2934 dominica
360 2886 453 2955 chich,
463 2903 489 2934 as
498 2887 523 2955 ⁴it
538 2903 611 2942 were,
628 2903 665 2934 we
681 2887 738 2936 hold
754 2887 809 2957 only
820 2889 853 2946 by
864 2886 955 2944 favour,
968 2903 995 2936 ur
1005 2903 1037 2936 on

135 2945 733 3074 ”letttntltt‚tutltltrttlttttltf
735 2946 961 3054 titillet...
972 3021 1038 3055 ..010

135 3063 558 3192 wplffiilligappiiihtiitliiirigrilfiai
569 3122 643 3171 time!

164 3183 230 3233 ‘Fur
241 3184 289 3230 thus
300 3191 469 3238 construction,
482 3197 523 3229 see
534 3198 566 3231 ur.
578 3185 615 3240 23,
628 3198 651 3230 v.
662 3184 698 3231 33.

162 3250 171 3275 ⁸
182 3243 231 3291 For
241 3245 394 3302 insequentur
404 3256 430 3288 or
437 3251 613 3302 persequentur.

137 3363 141 3372 Ι
164 3301 326 3363 'Equivalent
338 3309 363 3347 tu
373 3302 458 3347 nedum
467 3316 507 3348 uos
517 3302 626 3358 credatis,
641 3304 696 3349 ‘not
711 3309 737 3350 to
751 3299 828 3360 spealt
837 3299 866 3349 os
876 3315 937 3362 your
948 3300 1038 3350 believ-

135 3361 193 3423 mg)
225 3357 470 3419 SeaZumptnsra
1008 3372 1010 3379 ·
