2274 3772
473 226 565 267 arara
584 227 615 266 x.
940 210 998 266 eto

91 336 190 406 mortis
203 334 280 404 cnjus
295 344 383 388 metus
400 343 503 389 ceteros
520 335 662 415 exanimat,
674 347 802 404 perpetua
819 334 995 404 contemptio;

91 403 189 474 gloriae
207 403 345 473 laudisque
363 406 401 457 ut¹
417 404 487 473 justo
504 403 588 474 major
598 404 703 474 cupido,
716 404 753 456 ita
769 413 799 457 ut
814 403 905 474 juveni
925 411 952 457 et
970 404 999 459 in

92 475 172 527 tantis
188 472 354 527 admittenda
370 473 463 542 rebus;
483 473 539 543 jam
556 473 643 543 pietas
660 490 723 541 erga
740 481 869 542 parentes,
905 489 997 527 uomm

92 542 250 614 Olympiada
273 543 463 595 immortalitati
485 559 639 596 consecrare
662 541 824 611 decreverat,
845 489 997 663 Philippum

93 611 164 665 ultus
173 620 246 678 erat;
263 611 317 681 jam
330 611 358 664 in
369 628 463 665 omnes
474 611 529 665 lere
541 613 642 664 amicos
653 611 811 681 benignitas,
824 627 887 679 erga
897 610 933 663 m'
946 611 998 665 itus

91 681 286 749 benivolentia5
304 681 444 733 consilium
461 698 507 751 par
523 680 699 749 magnitudini
717 680 806 748 animi,
825 688 852 733 et
890 689 996 734 uanum

92 751 136 803 vix
146 757 250 831 poterat
266 758 341 803 aetas
352 748 412 819 ejus
428 767 532 820 capere,
546 750 668 820 sollertia,
682 748 775 803 modus
793 748 858 803 imm
895 749 997 803 icarum

92 819 276 888 cnprditatum,
299 818 411 872 Veneris
433 819 502 872 intra
523 820 642 873 naturale
665 818 828 873 desiderium
851 835 922 887 usus,
946 834 998 871 nec

92 888 147 941 ulla
164 889 214 940 nisi
233 905 267 941 ex
284 888 411 958 permisso
422 889 550 959 voluptas,
563 889 686 956 ingentes
697 886 813 957 proiecto
824 887 901 940 dotes
912 895 995 943 eunt.

92 957 141 1009 Illa
153 955 287 1010 fortunae:
300 957 353 1010 diis
363 974 478 1028 aequare
490 974 527 1028 se,
537 966 564 1011 et
575 957 706 1011 coelestes
718 957 830 1010 honores
840 955 998 1026 accersere,¹

93 1025 197 1078 attalia
215 1025 389 1080 suadentibus
405 1027 519 1079 oraculis
535 1026 652 1096 credere,
666 1034 692 1079 et
703 1025 905 1094 dedignantibus
916 1041 996 1078 vene·

93 1095 143 1146 rari
156 1095 243 1163 ipsum
254 1094 442 1149 vehementius
458 1112 539 1166 quarn
551 1113 598 1166 par
610 1096 692 1148 esset⁸
703 1095 795 1164 irasci,
813 1096 840 1148 in
857 1103 998 1148 externum

93 1162 214 1217 habitum
237 1174 340 1217 mutare
362 1165 477 1234 corporis
498 1164 608 1234 cultum,
632 1165 729 1218 imitari
751 1163 911 1218 divictarum
933 1179 998 1231 gen·

93 1233 162 1286 tium
181 1249 277 1313 moreq
296 1249 363 1303 quoe
384 1243 447 1287 ante
466 1233 604 1287 uictoriam
626 1242 769 1304 spreverat.
804 1234 875 1288 Nam
895 1232 997 1286 iracun-

93 1300 166 1355 diam
178 1311 204 1354 et
216 1303 371 1371 cupidinem
382 1303 435 1356 vini
448 1304 523 1356 sicuti
535 1303 643 1373 juventa
654 1304 808 1373 irritaverat,
821 1302 859 1354 ita
871 1310 997 1355 senectus

92 1372 215 1439 mitigare
238 1372 372 1441 potuisset.
411 1371 560 1426 Fatendum
582 1381 623 1425 est
646 1381 745 1441 tamen,
768 1388 832 1424 cum
854 1369 998 1441 plurimum

93 1440 181 1493 virtuti
195 1441 325 1511 debuerit,
337 1441 397 1510 plus
408 1441 534 1495 debuisse
548 1440 677 1509 fortunae,
690 1458 771 1510 quam
789 1439 861 1494 solus
877 1439 997 1495 omnium

93 1510 243 1563 mortalium
267 1511 296 1564 in
318 1520 448 1581 potestate
471 1509 572 1564 habuit.
619 1511 747 1569 Quotiens
775 1510 852 1564 illum
873 1525 890 1561 a
913 1515 997 1562 morte

93 1579 246 1633 revocavitl
271 1580 394 1650 quotiens
417 1589 518 1633 temere
544 1579 714 1650 inpericula
738 1589 846 1634 vectum
905 1585 998 1648 rpetua

93 1647 221 1702 felicitate
239 1649 371 1719 protexiti
406 1648 483 1702 Vitae
501 1666 607 1719 quoque
624 1650 707 1703 finem
724 1649 839 1703 eundem
859 1647 865 1658 '
887 1647 904 1717 i,
916 1663 998 1717 quem

89 1718 191 1786 gloriae
209 1719 307 1773 statuit.
345 1720 527 1788 Expectavere
544 1736 608 1772 eum
624 1718 687 1786 fata,
700 1717 765 1772 dum
782 1718 888 1772 Oriente
905 1715 997 1796 perdo·

93 1788 166 1857 mito,
184 1788 308 1856 aditoque
325 1789 438 1856 Oceano,
457 1786 582 1857 quicquid
600 1787 746 1840 mortalitas
762 1785 885 1855 capiebat
903 1783 996 1854 imple·

93 1859 153 1909 ret.⁴
186 1857 255 1909 Huic
274 1856 331 1925 regi
350 1856 463 1924 ducique
482 1872 618 1909 successor
635 1855 826 1924 quaerebatur:
848 1852 896 1907 sed
913 1851 998 1923 major

94 1925 178 1977 moles
189 1935 253 1992 erat,
266 1941 345 1994 quarn
358 1936 387 1978 ut
399 1941 469 1978 unus
483 1924 572 1977 subire
589 1940 651 1978 eam
663 1930 760 1992 posset.
796 1923 889 1992 ltaque
900 1937 997 1975 nomen

93 2009 199 2062 quoque
220 1993 279 2062 ejus
298 2002 325 2046 et
345 1993 418 2047 fama
438 2009 526 2045 rernm
545 1992 574 2045 in
593 2001 677 2047 totum
696 2009 742 2062 pro
777 1990 887 2044 modum
905 1990 997 2044 orbem

94 2078 171 2142 reges
187 2079 219 2115 ac
238 2079 318 2130 regna
335 2061 449 2130 diffudit,
462 2060 655 2132 clarissimique
672 2069 732 2114 sunt
742 2009 836 2130 hibin,
848 2060 895 2130 qui
912 2060 995 2114 etiam

93 2131 221 2184 minimae
233 2133 299 2201 parti
312 2141 401 2184 tantae
413 2130 533 2184 fortunae
544 2130 741 2201 adhaeserunt.⁶

130 2205 170 2254 19.
189 2201 314 2255 Ceterum
326 2200 461 2280 Babylone
480 2199 553 2266 (inde
570 2200 643 2253 enim
654 2199 766 2253 devertit
777 2198 870 2270 oratio)
882 2197 997 2269 corporis

93 2269 152 2338 ejus
163 2270 287 2324 custodes
298 2271 325 2324 in
338 2286 439 2339 regiam
451 2268 583 2339 principes
594 2269 741 2322 amicorum
758 2268 895 2337 ducesque
909 2269 996 2347 copia·

92 2356 151 2392 rum
178 2339 351 2392 advocavere.
386 2339 483 2392 &nuta
511 2347 551 2392 est
580 2337 695 2392 militum
724 2337 808 2404 turba,
832 2337 996 2406 cupientium

93 2409 168 2477 scire,
190 2409 216 2460 in
239 2425 321 2479 quern
341 2407 487 2463 Alexandri
509 2407 614 2460 fortuna
636 2416 708 2460 esset
726 2407 872 2460 transitura.
915 2403 997 2457 Multi

91 2477 176 2530 duces
195 2477 344 2547 frequentia
360 2477 477 2530 militum
496 2476 599 2529 exclusi
617 2476 719 2544 regiam
738 2475 833 2528 intrare
853 2490 904 2526 non
924 2480 996 2543 pote·

92 2555 156 2616 rant,
169 2563 232 2599 cum
249 2563 351 2617 praeco,
370 2547 496 2615 exceptis,
515 2545 562 2615 qui
581 2545 735 2598 nominatim
752 2543 903 2612 citarentur,
921 2541 996 2595 adire

91 2695 209 2762 restoring
219 2711 247 2744 so
255 2711 328 2756 many
337 2694 465 2756 kingdome
473 2706 499 2743 to
508 2694 577 2742 those
584 2694 645 2745 from
654 2694 735 2742 whom
745 2693 776 2741 he
787 2691 835 2740 had
845 2690 919 2740 taken
929 2691 996 2741 them

91 2768 116 2801 m
127 2769 183 2801 war.

121 2825 205 2873 ¹That
217 2827 246 2882 is,
261 2826 392 2887 ‘although
403 2836 444 2875 too
454 2836 531 2887 great,
545 2835 585 2886 yet
602 2836 627 2874 to
642 2827 673 2874 be
688 2822 812 2873 concederl
825 2831 851 2871 to
865 2821 925 2879 hin,
938 2837 995 2891 con·

91 2884 262 2992 piyllpysitntglctehsa}
279 2885 309 2933 be
320 2900 371 2933 was
387 2901 402 2934 a
416 2900 498 2946 young
509 2900 573 2942 man,
586 2884 633 2934 aud
648 2885 673 2933 in
687 2883 748 2932 such
759 2881 939 2942 extraordinary
949 2896 994 2930 crr-

92 3069 105 3119 ὰ
119 3009 231 3118 't‘hBring
241 3012 333 3067 about,’
349 3011 480 3069 ‘assume'
493 3010 587 3060 instead
601 3010 630 3059 oi
640 3009 730 3071 hoping
745 3008 781 3057 ior
795 3008 862 3057 them
878 3007 939 3056 efter
956 3005 994 3055 his

108 3086 137 3118 ea
166 3105 171 3117 .

120 3133 288 3194 ’Respecting
299 3134 340 3182 the
351 3133 512 3194 subjunctive.
524 3149 566 3182 sce
577 3134 658 3182 Grcm.
670 3131 684 3184 l
694 3135 746 3189 357,
760 3140 816 3180 note
826 3135 848 3179 2.

119 3212 128 3235 ¹
141 3205 233 3254 ‘Deetb
240 3206 328 3254 united
336 3206 399 3254 until
406 3205 437 3255 he
446 3205 532 3255 should
541 3203 687 3265 accomplish
695 3203 728 3253 all
736 3204 788 3253 that
796 3200 877 3251 which
885 3200 923 3250 his
931 3214 993 3250 mor·

92 3264 126 3312 tal
136 3275 220 3314 nature
231 3281 283 3315 was
294 3265 393 3325 capable
403 3264 444 3314 οἱ)

120 3342 130 3367 ·
141 3335 223 3403 ‘who
229 3335 312 3396 joined
323 3350 390 3406 ,even
400 3335 442 3386 the
454 3335 563 3387 ruadlert
579 3344 632 3396 part
647 3333 676 3384 ot
685 3333 750 3402 aneu
759 3329 997 3395 mgffi.t„2xq

92 3393 184 3451 thetis,
196 3395 252 3443 who
260 3394 373 3456 aoqurred
382 3409 445 3446 even
455 3410 471 3446 a
480 3393 555 3446 small
562 3403 620 3458 part
628 3392 656 3445 ol
668 3393 728 3444 that
736 3401 865 3440 immense
873 3395 986 3440 axam.
