2274 3772
399 246 400 249 Ἴ
484 183 575 223 arnan
601 184 628 223 v.
951 167 1006 221 tlt

104 306 151 343 rex
170 289 307 359 Praedem,
329 289 419 360 inquit,
441 307 485 344 me
503 292 603 412 accipe,
623 292 757 345 neminem
776 309 876 359 eorum,
896 290 943 360 qui
966 307 1006 343 se-

104 371 225 428 quuntur,
238 367 416 414 recusaturum
435 359 472 411 ire
490 376 542 428 qua
578 377 649 413 uces.
685 362 788 413 Cratero
807 361 890 428 igitur,
903 359 936 411 ad
949 375 1006 414 cus·

105 427 204 480 todiam
227 436 370 480 castrorum
393 427 481 480 relicto
505 446 566 482 cum
594 429 726 498 peditibus
752 431 811 499 quis
834 431 1005 496 assueverat,¹

105 506 132 549 et
150 496 183 548 iis
200 497 288 566 copiis,
302 514 367 565 quas
384 497 521 565 Meleager
539 498 661 567 ducebat,
675 509 701 550 et
719 499 859 567 sagittariis
876 498 1007 566 equitibus

105 566 144 634 M,
157 565 292 635 praecipit,
305 577 333 618 ut
351 575 494 619 castrorum
512 567 600 637 specie
619 575 749 636 manente,
764 566 851 637 plnres
869 567 902 622 de
920 566 1006 619 indus-

106 634 154 687 tria
176 635 251 703 ignes
273 635 330 687 fieri
352 635 470 705 imperet,
489 651 540 704 quo
560 636 645 704 magis
662 636 766 689 barbari
786 636 900 703 credant,
921 636 1008 705 ipsum

106 719 196 771 regem
209 704 233 756 in
247 703 340 756 castris
351 721 418 757 esse.
455 704 587 773 Ceterum,
601 706 624 756 si
637 704 701 757 forte
714 705 903 758 Ariobarzanes
915 721 1007 773 cogno·

106 772 195 841 visset,
208 789 256 842 per
267 773 374 826 callium
385 772 519 826 anfractus
530 773 645 843 intrare,²
663 782 690 826 et
706 773 740 826 ad
758 772 939 844 occupandum
959 773 1008 825 iter

96 856 185 894 'suum
203 850 306 911 partem
324 843 458 921 copiarum
477 850 631 912 temptasset
651 859 789 912 opponere,
806 844 927 895 Craterus
946 859 1009 894 eum

106 910 177 963 illato
197 919 294 963 terrore
313 912 456 979 retineret,3
473 911 506 963 ad
526 913 632 980 propius
652 911 798 980 periculum
822 928 1008 964 conversurum

106 996 219 1046 agmen:
240 980 387 1032 sin-autem
407 980 462 1048 ipse
482 981 585 1032 hostem
604 980 748 1050 fefellisset,
770 990 797 1034 et
817 980 913 1049 saltum
933 997 1009 1032 occu·

105 1056 202 1116 posset,
223 1065 284 1101 curn
306 1048 489 1118 trepidantium
510 1049 678 1102 barbarorum
698 1050 838 1103 tumultum
858 1050 1009 1103 exaudisset

107 1117 331 1188 [persequentium
351 1117 459 1188 regem]
478 1117 504 1170 id
522 1120 608 1187 ipsum
626 1120 681 1189 iter,
695 1135 746 1187 quo
764 1120 849 1188 pridie
867 1119 935 1188 pulsi
953 1118 1009 1170 fue·

68 1226 71 1233 .
106 1195 170 1254 rant,
184 1203 218 1238 ne
236 1185 367 1240 dubitaret
384 1187 498 1254 ingredi:
518 1187 614 1257 quippe
633 1205 748 1241 vacuum
766 1189 828 1258 fore,
848 1187 966 1242 hostibus
984 1187 1008 1238 in

107 1263 192 1307 semet
203 1257 311 1308 aversis.

144 1327 182 1376 15.
202 1325 262 1393 lpse
280 1325 355 1376 tertia
372 1324 463 1392 vigilia
481 1324 567 1377 silenti
585 1326 698 1394 agmine,
717 1341 801 1385 acne
821 1325 884 1378 tuba
901 1325 1009 1394 quidem

107 1393 168 1444 dato
191 1393 271 1462 signo,
296 1393 380 1463 pergit
403 1394 436 1446 ad
461 1394 669 1446 demonstratum
693 1396 743 1452 iter
765 1395 883 1447 callium.
919 1393 1009 1446 Tridui

107 1461 234 1514 alimenta
256 1471 358 1530 portare
381 1462 492 1516 militem
515 1464 628 1533 jusserat
655 1464 748 1516 leviter
770 1473 910 1517 armatum.
958 1463 1008 1515 Sed

107 1540 210 1598 praeter
232 1531 316 1583 invias
336 1549 414 1601 rupes
433 1549 465 1584 ac
486 1542 624 1602 praerupta
644 1551 715 1602 saxa,
737 1533 876 1600 vestigium
899 1531 1010 1585 subinde

108 1599 232 1670 fallentia,
246 1600 290 1652 nix
302 1601 435 1653 cumulata
447 1610 524 1653 vento
543 1601 732 1669 ingredientes⁴
748 1602 892 1671 fatigabat:
912 1601 957 1670 qui
977 1618 1010 1672 pe

108 1669 180 1728 velut
192 1669 217 1721 in
231 1669 321 1721 foveas
332 1670 412 1722 delati
431 1669 636 1738 hauriebantur,⁵
648 1680 673 1722 et
687 1688 749 1723 curn
760 1689 776 1723 a
788 1619 1011 1724 commilitonibus

107 1732 290 1806 allevarentur,
312 1739 448 1792 trahebant
472 1740 556 1808 magis
579 1739 742 1809 adjuvantes,
762 1757 842 1809 quam
866 1740 1010 1809 sequeban-

108 1807 168 1858 tur.⁸
201 1809 261 1860 Nox
279 1824 391 1878 qnoque,
404 1817 431 1860 et
449 1809 538 1876 ignota
556 1809 635 1878 regio,
648 1825 680 1861 ac
697 1809 750 1861 dux
762 1809 888 1861 incertum
901 1826 935 1860 an
948 1809 1011 1860 satis

108 1875 195 1943 fidus,⁷
213 1876 420 1946 multiplicabant
439 1886 555 1929 metum:
580 1878 601 1930 si
624 1877 746 1930 custodes
769 1877 915 1945 fefellisset,
937 1877 1011 1954 quasi

109 1943 178 1997 feras
195 1945 293 1998 bestias
311 1946 380 2014 ipsos
398 1963 475 2014 posse
493 1945 664 2015 deprehendi.
701 1947 742 1998 Ex
760 1947 837 1998 unius
854 1946 948 2013 captivi
966 1944 1011 1996 vel

108 2014 160 2066 fide
174 2014 214 2066 vel
227 2015 328 2066 anima⁸
344 2015 460 2082 pendere
478 2023 504 2067 et
522 2015 590 2088 regis
608 2015 720 2067 salutem
733 2022 759 2066 et
772 2032 855 2067 suam.
891 2012 1011 2066 Tandem

108 2100 204 2135 venere
228 2083 253 2135 in
276 2082 378 2151 jugum.
414 2086 438 2136 A
461 2084 554 2137 dextra
578 2084 627 2144 iter
649 2084 682 2136 ad
706 2083 794 2153 ipsum
817 2082 1009 2136 Ariobarzanen

109 2161 177 2204 erat:
196 2151 240 2212 hic
258 2152 387 2206 Philotam
399 2161 426 2205 et
438 2154 541 2206 Coenon
560 2169 622 2206 cum
634 2155 751 2222 Amynta
769 2161 796 2205 et
813 2152 1010 2222 Polyperconte,

109 2220 260 2288 expeditum
292 2221 420 2275 habentes
448 2239 565 2291 manum,
590 2223 719 2291 relinquit,
744 2222 863 2288 monitos,
892 2230 921 2274 ut
949 2220 1011 2289 quia

109 2305 192 2356 eques
209 2289 291 2358 pediti
310 2299 364 2343 erat
382 2292 488 2360 mixtus,
501 2308 553 2360 qua
570 2291 774 2360 pinguissimum
792 2298 863 2342 esset
881 2290 964 2342 solum
984 2299 1011 2340 et

109 2357 199 2425 pabuli
220 2357 312 2428 fertile,
334 2360 431 2412 rsenim
452 2360 638 2428 procederent:
663 2361 745 2412 duces
765 2367 839 2412 erant
859 2359 958 2411 itineris
976 2357 1010 2409 de

110 2425 221 2495 captivis
238 2426 301 2478 dati.
336 2428 395 2496 lpse
414 2445 475 2480 cum
492 2429 640 2496 armigeris⁹
652 2438 678 2479 et
696 2429 746 2496 ala,
760 2444 840 2496 quam
851 2430 954 2494 Agema
965 2442 1011 2495 ap·

128 2580 145 2642 ¹¹
158 2578 164 2599 ⁴
175 2573 307 2641 Whomhe
318 2589 368 2622 was
378 2575 531 2622 accustomed
541 2584 567 2622 to
577 2575 702 2623 command
711 2575 729 2632 ;'.
740 2589 774 2631 or,
786 2589 812 2622 as
821 2590 858 2622 we
869 2589 920 2634 say,
936 2575 1010 2624 ‘with

108 2634 146 2681 lus
157 2646 212 2679 own
222 2633 356 2692 regimem!

137 2690 249 2750 'Supply
260 2707 292 2746 ae,
305 2690 347 2738 the
358 2691 467 2750 speaker.

137 2755 146 2778 ¹
158 2749 243 2798 ‘Then
253 2749 367 2798 Craterus
376 2766 426 2798 was
433 2760 457 2797 to
464 2750 526 2810 keep
535 2750 584 2798 him
590 2750 651 2799 bach
658 2752 691 2810 by
699 2767 714 2798 a
721 2751 832 2811 vigorous
840 2751 938 2808 essholt,
947 2767 1011 2812 upon

109 2808 189 2896 wlpiplr
200 2810 230 2856 he
237 2808 317 2856 would
326 2809 445 2890 naturally,
452 2819 506 2857 turn
518 2809 555 2857 his
564 2809 646 2858 march
653 2809 757 2857 towards
764 2809 805 2857 the
813 2811 1007 2872 neurerdanger.'

138 2868 441 2986 “ppqyrqeaqlmmlciperpagl,
460 2895 705 2986 ‚weredrunk'upl
737 2986 739 2997 ,
971 2989 975 2998 Ι

137 2990 146 3014 ·
159 2984 245 3054 ‘They
253 3000 319 3032 more
330 2943 465 3044 frequently
473 2985 537 3033 drew
546 2985 615 3033 down
622 2985 692 3054 those
699 2985 754 3033 who
762 3000 825 3034 were
834 2987 1010 3049 endenvourmg

109 3053 216 3129 toppsrst
227 3043 303 3098 them,
316 3043 374 3090 than
386 3043 496 3091 followed
506 3045 572 3091 thern
585 3044 644 3098 (that
655 3060 685 3112 rs,
697 3059 750 3125 rosp
761 3045 794 3112 by
805 3045 867 3094 their
877 3046 957 3131 belptss

109 3101 1010 3230 ,n,lhtttlttttttttft'tttttltttdtilttttltntutti

109 3220 157 3268 this
168 3235 223 3267 case
234 3236 254 3267 rs
266 3235 385 3288 common.
417 3219 577 3287 comparem.
589 3224 625 3268 56.

137 3283 145 3308 ⁸
158 3277 261 3326 ‘Breath
270 3279 286 3334 ;'
299 3278 390 3334 thetis,
408 3278 478 3325 ‘life'
673 3305 675 3308 <

136 3342 146 3365 ¹
156 3336 193 3405 By
202 3339 312 3398 armigeri
323 3338 343 3384 is
354 3348 433 3384 meant
443 3336 483 3385 the
493 3352 562 3395 corps
571 3336 599 3385 of
605 3337 645 3391 the
654 3336 679 3384 H
712 3337 799 3396 aspists
808 3335 1010 3396 orArgyraspids.

109 3395 264 3452 (Scotusa).
296 3395 350 3443 The
361 3413 442 3456 agema
453 3411 503 3443 was
515 3396 555 3443 the
566 3395 674 3455 lting’sb
707 3395 810 3456 y-guard
820 3395 848 3455 of
854 3395 958 3456 cavalry.
