2274 3772
489 129 582 169 steen
601 128 641 169 rv.
975 113 1009 169 ill

112 239 201 309 nebat,
211 240 316 293 tantari
329 238 442 307 impulsa
453 250 500 306 est,
510 245 539 289 ut
547 236 643 306 Tyrius
653 235 809 304 gubernator
817 236 842 288 in
853 253 925 289 mare
935 253 1014 289 exou-

113 318 211 363 teretur
223 326 238 360 e
250 308 338 377 puppi.
369 308 460 360 Plures
472 305 567 358 deinde
580 305 759 358 Macedonum
768 322 850 357 naves
861 306 1012 373 superveni-

113 388 168 447 unt,
183 388 208 430 et
221 395 265 430 rex
277 394 381 446 quoque
394 377 499 428 aderat:
521 393 581 427 cum
595 374 667 443 Tyrii
680 373 830 427 inhibentes
843 377 923 426 remis
934 393 1013 443 aegre

114 447 228 500 evellere
238 464 340 514 navem,
347 462 415 514 quae
423 444 556 512 haerebat,
564 455 717 511 portumque
727 444 813 496 omnia
822 443 900 495 simul
908 445 1012 512 navigia

114 525 241 585 repetunt.
277 515 421 568 Confestim
432 532 477 566 rex
487 514 620 565 insecutus
630 523 730 580 portum
740 513 847 581 quidem
858 515 952 564 intrare
962 531 1011 569 nort

113 585 280 654 potuit,cun1
299 584 386 652 procul
408 601 422 634 e
442 583 524 634 muris
542 581 685 633 missilibus
702 594 918 651 summoveretur,
933 600 1014 635 naves

113 663 203 706 antem
215 671 308 706 omnes
320 653 374 704 lere
387 662 430 704 ant
444 651 578 723 demersit,
591 661 636 703 aut
649 651 728 719 cepit.

150 729 189 775 19.
208 722 291 774 Biduo
303 722 398 773 deinde
416 721 450 773 ad
468 721 587 790 quietem
607 721 667 784 dato
687 719 821 787 militibus,
834 720 967 798 jussisque
986 731 1012 774 et

112 792 226 844 classem
245 800 271 843 et
289 791 426 843 machinas
445 790 539 857 pariter
559 788 706 855 admovere,
726 799 754 841 ut
778 789 893 857 undique
919 792 1014 842 territis

113 861 229 929 instaret,
244 862 298 930 ipse
318 861 342 912 in
361 858 518 911 altissimam
536 868 633 923 turrem
652 857 778 925 ascendit,
798 859 898 925 ingenti
915 859 1011 927 auimo,

113 930 229 999 periculo
242 928 349 997 majore.
382 927 488 997 ‘Quippe
507 928 576 994 regio
595 927 689 992 insigni
707 935 733 978 et
751 928 832 979 armis
851 927 1014 995 fulgentibus

112 1000 277 1067 conspicuus,
293 1015 359 1048 unus
370 998 509 1067 praecipue
522 997 580 1048 telis
592 995 736 1066 petebatur.
773 997 806 1048 Et
818 996 898 1064 digua
910 1015 1014 1066 prorsus

113 1067 265 1135 spectaculo
283 1066 380 1118 edidit:
400 1065 496 1118 multos
514 1082 529 1116 e
547 1066 628 1118 muris
640 1076 832 1134 propugnantes
844 1065 919 1119 hasta
932 1077 1013 1119 trans·

113 1135 180 1204 fixit,
199 1136 325 1203 quosdam
345 1136 425 1187 etiam
438 1135 592 1187 >comminus
608 1134 697 1202 gladio
715 1135 861 1204 clypeoque
885 1135 1014 1205 impulsos

113 1204 303 1273 praecipitavit,
322 1208 419 1274 quippe
445 1206 526 1273 turris,
548 1221 581 1256 ex
604 1221 656 1273 qna
680 1203 830 1271 dimicabat,
850 1205 930 1256 muris
954 1204 1012 1259 hos·

114 1275 181 1325 tium
208 1275 395 1342 propemodum
422 1273 587 1326 cohaerebat.
623 1273 736 1341 Jamque
762 1272 861 1325 crebris
887 1274 1014 1328 arietibus

114 1359 233 1395 saxorum
253 1359 380 1412 compage
399 1343 485 1395 laxata
505 1343 669 1395 munimenta
687 1341 858 1407 defecerant,¹
876 1351 902 1393 et
921 1342 1014 1397 classis

114 1412 253 1464 intraverat
271 1422 383 1480 portum,
397 1423 422 1464 et
440 1411 546 1481 quidam
566 1411 744 1464 Macedonum
763 1412 788 1464 in
802 1423 885 1464 turres
897 1412 1013 1466 hostium

112 1481 233 1534 desertas
259 1490 411 1534 evaserant:
438 1499 499 1534 cum
521 1481 600 1551 Tyrii,
620 1489 656 1532 tot
680 1480 756 1532 simul
780 1481 859 1533 malis
876 1482 947 1551 victi,
966 1482 1013 1535 alii

113 1549 247 1619 supplices
259 1552 284 1603 in
299 1550 398 1619 templa
409 1550 570 1618 confugiunt,
583 1550 626 1601 alii
645 1549 743 1602 loribus
760 1551 866 1603 aedium
886 1550 1014 1604 obseratis

113 1629 242 1688 occupant
273 1619 385 1673 liberum
417 1620 507 1672 mortis
537 1620 693 1685 arbitrium,²
724 1620 840 1672 nonnulli
874 1633 951 1673 ruunt
987 1621 1012 1674 iu

113 1687 224 1757 hostem,
249 1688 319 1750 haud
343 1688 419 1741 inulti
442 1698 530 1741 tamen
554 1689 680 1757 perituri,³
704 1706 801 1755 magua
824 1705 884 1757 pars
908 1707 1013 1743 summa

113 1760 252 1810 tectorum⁴
263 1758 405 1826 obtinebat,
419 1775 482 1809 saxa
494 1767 520 1810 et
535 1757 597 1826 quic
617 1757 662 1810 uid
672 1757 735 1809 -fors
754 1759 878 1822 manibus
895 1759 1012 1828 dederat,

112 1825 262 1893 ingerentes
279 1826 458 1892 subeuntibus.
494 1775 650 1895 Alexander,
670 1828 789 1894 exceptis
806 1828 850 1896 qui
869 1828 894 1879 in
915 1828 1014 1897 templa

113 1895 290 1963 confugerant,
314 1912 407 1948 omues
429 1895 548 1964 interfici,
569 1895 712 1964 ignemque
736 1897 812 1948 tectis
834 1896 906 1966 injici
928 1896 1012 1965 jubet.

113 1963 162 2017 His
181 1981 228 2033 per
248 1982 390 2034 praecones
402 1966 579 2034 pronuntiatis,
594 1983 671 2016 nemo
692 1976 779 2017 tamen
799 1976 916 2018 armatus
935 1983 1013 2036 opem

113 2049 129 2086 a
147 2033 199 2085 diis
216 2044 306 2103 petere
325 2035 446 2097 sustinuit
456 2036 473 2085 :⁶
491 2035 565 2103 pueri
585 2034 751 2102 virginesque
777 2035 875 2103 templa
898 2036 1013 2105 comple·

113 2111 213 2171 verant,
234 2103 283 2154 viri
301 2103 326 2156 in
345 2103 474 2157 vestibulo
500 2121 605 2156 suarum
630 2103 742 2172 quisque
768 2103 874 2157 aedium
900 2104 1011 2173 stabant,

112 2182 203 2240 parata
216 2172 393 2226 saevientibus
405 2171 488 2228 turba.
524 2173 618 2226 Multis
630 2183 718 2226 tamen
732 2173 809 2225 saluti
819 2173 893 2226 luere
906 2174 1011 2240 Sidonii,

112 2241 158 2308 qui
178 2241 243 2292 intra
263 2242 440 2294 Macedonum
461 2241 601 2311 praesidia⁰
620 2252 701 2294 erant.
738 2238 773 2293 Hi
791 2243 881 2295 urbem
905 2243 1013 2312 quidem

113 2309 181 2375 inter
199 2309 310 2361 victores
333 2311 499 2379 intraverant,
518 2312 565 2367 sed
588 2311 749 2379 cognationis
772 2329 834 2363 curn
853 2313 939 2381 Tyriis
957 2330 1011 2366 me·
1057 2348 1062 2355 ι

113 2392 201 2429 mores
213 2378 320 2447 (quippe
333 2389 471 2448 utramque
488 2380 581 2433 urbem
594 2383 742 2447 Agenorem
756 2379 905 2433 condidisse
923 2381 1013 2435 crede·

112 2445 196 2514 bant),
210 2447 306 2498 multos
317 2448 460 2516 Tyriomm,
470 2449 552 2501 etiam
565 2450 750 2517 protegentes,⁷
760 2448 794 2499 ad
807 2465 855 2500 sua
866 2449 1013 2517 perduxere

142 2560 149 2583 ¹
161 2554 229 2601 ‘Had
240 2555 311 2614 given
322 2555 393 2615 way!

140 2613 245 2660 '‘Talte
257 2613 400 2661 belorehand
412 2630 426 2662 a
436 2613 484 2662 free
496 2614 578 2662 choice
594 2576 674 2661 ome
690 2628 790 2662 manner
804 2613 832 2661 of
844 2613 907 2663 their
921 2614 1010 2667 death)

112 2674 214 2732 Aliquid
224 2689 333 2733 occupare
343 2673 372 2728 is,
388 2678 427 2720 ‘to
439 2673 495 2720 take
506 2688 532 2720 or
542 2674 572 2722 do
583 2673 720 2734 something
728 2672 807 2721 before
816 2673 953 2736 something
962 2677 1012 2726 else

112 2747 193 2780 comes
205 2732 229 2779 in
240 2731 280 2778 the
293 2733 361 2791 way!
550 2738 552 2742 ’

140 2795 166 2859 ’ᾗ
175 2790 202 2896 {p
221 2789 290 2839 order
308 2789 427 2897 tha(t1‚‚die
446 2790 536 2851 though
552 2790 611 2850 they
626 2791 722 2846 should,
740 2792 797 2852 they
813 2793 890 2853 might
905 2794 955 2843 still
970 2807 1011 2844 not

111 2864 394 2967 pe‘ngrdppppyvelpagpffly
406 2908 484 2955 would
501 2908 561 2956 have
577 2909 648 2969 given
659 2927 746 2957 summo
757 2919 823 2959 terto.
854 2911 901 2959 See
913 2912 1010 2971 Zumpt,

111 2967 252 3073 Μ31*δρουίιί
268 3041 394 3073 overcoms
405 3025 443 3072 his
454 3026 519 3084 pride
531 3027 577 3074 and
588 3027 637 3074 leur
647 3026 675 3074 os
686 3027 769 3076 shame
780 3044 808 3076 so
818 3028 854 3076 sar
863 3045 889 3077 as
905 3031 948 3086 to‚’
963 3031 1010 3078 &a

111 3084 236 3133 Sustinere
247 3094 287 3137 not
298 3084 466 3144 unliequently
475 3087 543 3133 hears
554 3085 602 3133 this
613 3101 691 3133 sense.
930 3104 931 3108 ¹

139 3143 269 3190 “Within
289 3143 329 3190 the
348 3153 415 3202 posts
433 3159 460 3191 or
476 3144 536 3212 lines
551 3144 579 3192 os
595 3144 636 3192 the
655 3144 843 3213 Macedonicus!
876 3146 931 3194 The
949 3158 1010 3214 term

112 3202 531 3319 perpeeapgqqiqqpqopqrgythelongmg
546 3214 572 3251 to
586 3203 627 3251 the
643 3215 759 3263 posttrous
769 3205 798 3252 of
809 3221 824 3252 a
835 3205 889 3253 land
900 3221 976 3264 army,
989 3221 1009 3253 ts

140 3319 229 3378 'They
238 3328 278 3366 not
289 3319 381 3388 merely
389 3319 431 3388 led
437 3318 504 3368 them
511 3335 589 3380 away,
600 3322 643 3369 but
652 3321 705 3390 also
714 3321 832 3371 defended
842 3322 917 3378 them
928 3321 1009 3370 when·

110 3392 168 3429 eret
176 3393 193 3427 a
202 3377 361 3427 Macedonian
371 3378 460 3427 soldier
469 3379 603 3439 attempted
613 3389 639 3428 to
649 3380 694 3431 tull
704 3381 782 3433 them..
