2274 3772
114 169 197 224 ‘tat
404 187 444 225 oa
467 187 574 226 oannis
595 187 780 226 naussum.

138 293 428 347 nosreoessushabent
445 312 624 364 amoenosque
642 296 796 348 nemoribus
813 313 893 348 manu
911 295 1051 362 consitis3¹

138 364 280 432 praecipue
298 380 389 430 regum
405 374 623 433 satraparumque
642 366 762 485 voluptas
779 375 844 415 erat.
879 366 1053 434 Spatiabatur

139 433 165 484 in
183 448 293 484 nemore
312 433 468 485 Parmenion
488 435 593 486 medius
612 435 678 485 inter
715 452 787 501 uces,
804 435 901 501 quibus
920 444 977 486 erat
999 435 1052 486 im·

139 512 260 572 peratum
280 502 374 554 litteris
398 504 475 572 regis,
496 513 524 555 nt
547 503 707 555 occiderent.
743 505 872 570 Agendae
896 515 989 556 autem
1011 504 1053 556 rei

139 571 328 623 constituerant
348 581 462 641 tempus,
487 589 550 624 cum
569 573 727 625 Parmenion
750 590 767 624 a
791 573 983 641 Polydamante
1007 573 1053 625 lit-

139 649 210 692 teras
228 641 338 694 traditas
354 641 443 710 legere
462 644 602 710 coepisset.
638 642 797 710 Polydamas
818 643 906 710 procul
927 643 1051 710 veniens,

139 718 168 762 nt
179 727 196 760 a
209 709 382 763 Parmenione
393 723 552 780 conspectus
563 721 612 779 est,
626 711 700 764 vultu
712 711 829 762 laetitiae
842 712 960 780 speciem
974 729 1052 780 prae·

140 779 249 847 ferente,
262 780 301 831 ad
315 780 547 848 complectendum
567 798 630 832 eum
648 780 778 849 cucurrit,
796 791 942 849 mutuaque
959 792 1051 848 gratu-

140 847 237 900 latione
256 849 346 918 luncti,
364 849 525 919 Polydamas
538 850 679 920 epistolam
695 867 712 901 a
728 847 790 918 rege
808 851 933 918 scriptam
952 852 977 902 ei
999 860 1052 902 tra-

140 917 214 970 didit.
250 919 408 972 Parmenion
427 921 562 972 vinculum
580 919 707 998 epistolae
724 919 836 986 solvens,
855 921 983 988 quidnam
1003 938 1052 974 rex

140 988 251 1055 ageret?
275 989 433 1057 requirebat.
468 990 516 1042 lile
539 1007 573 1042 ex
596 989 662 1058 ipsis
684 989 778 1041 litteris
800 991 966 1057 cogniturum
987 1006 1052 1042 esse

140 1057 282 1126 respondit.
316 1059 419 1117 Quibus
434 1060 591 1112 Parmenion
610 1059 693 1128 lectis,
706 1059 771 1127 Rex,
790 1060 883 1127 inquit,
901 1058 1051 1127 expeditio·

140 1143 202 1180 nem
216 1137 289 1195 parat
307 1129 332 1181 in
351 1128 537 1182 Arachosios..
555 1128 694 1181 Strenuum
713 1127 850 1180 hominem
868 1138 894 1180 et
912 1145 1052 1196 nunquam

140 1207 289 1250 cessautem
300 1197 320 1250 l²
354 1197 406 1251 Sed
419 1210 527 1267 tempus
537 1199 615 1250 saluti
628 1215 700 1268 suae,
714 1208 786 1249 tanta
796 1198 853 1267 jam
865 1208 938 1266 parta
954 1197 1051 1268 gloria,

140 1282 257 1336 parcere.
293 1268 410 1320 Alteram
429 1267 527 1320 deinde
545 1267 691 1336 epistolam,
704 1267 825 1320 Philotae
843 1267 948 1319 nomine
967 1267 1052 1337 scrip

141 1346 196 1389 tam
209 1336 302 1404 laetus,
315 1337 384 1406 qnod
397 1354 431 1390 ex
443 1337 516 1388 vultu
535 1337 617 1389 notari
636 1346 744 1406 poterat,
757 1336 872 1404 legebat.
908 1337 978 1387 Tum
991 1336 1053 1405 ejus

141 1404 212 1458 latus
230 1406 317 1473 gladio
341 1407 437 1459 haurit³
454 1405 591 1476 Cleander,
609 1405 708 1459 deinde
725 1405 848 1475 jugulum
865 1405 940 1472 serit,
966 1406 1052 1459 ceteri

142 1476 295 1527 exanimum
308 1492 415 1544 quoque
426 1475 586 1527 confodiunt.

177 1548 201 1595 a.
221 1545 255 1596 Et
272 1545 404 1612 armigeri,
417 1545 464 1613 qui
480 1545 514 1596 ad
532 1544 634 1597 aditum
651 1545 768 1597 nemoris
785 1543 930 1611 astiterant,
943 1547 1052 1612 cognita

142 1612 233 1681 caede,
247 1613 323 1682 cujus
341 1630 423 1665 causa
442 1613 614 1681 ignorabatur,
633 1613 660 1666 iu
678 1623 764 1667 castra
781 1613 944 1684 perveniunt,
964 1622 991 1664 et
1010 1623 1052 1666 tu-

141 1682 273 1735 multuoso
296 1683 388 1735 nuntio
410 1683 510 1736 milites
531 1683 670 1736 concitant.
707 1684 748 1736 llli
770 1684 864 1736 armati
886 1683 920 1734 ad
944 1700 1051 1753 nemus,

142 1751 169 1804 in
193 1768 245 1820 quo
267 1760 417 1822 perpetrata
439 1753 537 1806 caedes
559 1762 623 1821 erat,
644 1757 756 1806 coeunt:
782 1761 817 1821 et,
838 1752 866 1805 ni
890 1751 1053 1821 Polydamas

141 1821 275 1890 ceterique
287 1820 407 1892 ejusdem
420 1839 505 1875 noxae
517 1821 659 1892 participes
670 1823 924 1892 dedantur,·murum
936 1823 1051 1875 circum·

141 1890 234 1944 datum
257 1891 357 1944 nemori
379 1894 527 1944 eversuros⁴
544 1891 709 1961 denuntiant,
727 1892 900 1959 omniumque
920 1892 1051 1957 sanguine

141 1959 202 2015 duci
237 1963 437 2030 parentaturos⁶
478 1962 608 2015 Cleander
636 1962 764 2031 primores
792 1978 882 2013 eorum
912 1961 1050 2012 intromitti

143 2029 227 2109 jubet,
249 2030 401 2100 litterasque
424 2031 493 2099 regis
516 2032 627 2101 scriptas
649 2031 684 2084 ad
707 2031 806 2084 milites
829 2031 927 2099 recitat,
952 2030 1052 2098 quibus

141 2099 252 2152 insidiae
271 2101 451 2152 Parmenionis
470 2101 498 2152 in
519 2118 617 2171 regem,
637 2117 791 2170 precesque,
809 2111 839 2152 ut
859 2101 946 2168 ipsum
964 2100 1049 2152 vindi·

140 2178 239 2235 carent,
263 2169 472 2222 continebantur.
508 2171 589 2238 Igitur
611 2171 716 2222 cunita
746 2170 815 2237 regia
840 2171 972 2221 voluntate
996 2187 1049 2222 non

140 2237 248 2306 quidem
262 2239 413 2306 indignatio,
427 2237 474 2290 sed
488 2247 576 2292 tamen
589 2188 684 2292 sediiio
696 2257 847 2308 compressa
859 2248 907 2290 est.
935 2239 1051 2306 Dilapsis

139 2306 260 2376 pluribus
282 2309 360 2376 pauci
384 2319 573 2377 remanserunt,
593 2310 645 2377 qui,
667 2309 763 2361 saltem
786 2318 816 2361 ut
842 2325 936 2376 corpus
963 2307 1049 2376 ipsius

140 2376 252 2446 sepelire
282 2378 470 2446 permitterent,
495 2378 678 2447 precabantur.
721 2379 772 2430 Diu
796 2378 821 2429 id
846 2387 971 2444 negatum
996 2388 1046 2446 est,

139 2447 259 2498 Cleandri
283 2457 366 2515 metu,
392 2464 425 2498 ne
448 2446 595 2500 offenderet
619 2464 719 2514 regern.
762 2448 927 2499 Pertinacius
950 2447 1049 2499 deinde

138 2517 315 2586 precantibus,
335 2517 473 2570 materiem
493 2517 719 2569 consternationis⁶
737 2516 945 2569 subtrahendam
964 2526 1045 2586 ratus,

137 2587 226 2654 capite
244 2587 333 2639 deciso
351 2596 472 2639 truncum
494 2586 605 2639 humare
628 2587 756 2656 permisit.
791 2586 834 2638 Ad
859 2603 947 2652 regem
967 2599 1048 2654 caput

138 2656 250 2708 missum
269 2665 319 2708 est.
355 2657 408 2708 Hic
426 2656 514 2709 exitus
532 2657 713 2709 Parmenionis
724 2655 782 2723 luit,
795 2655 907 2708 militiae
920 2655 1047 2724 domique

167 2791 174 2814 ¹
188 2785 258 2834 ‘The
270 2795 379 2846 quarters
387 2786 531 2846 (dwellings)
540 2787 563 2834 in
573 2786 624 2833 that
634 2795 735 2846 country
745 2785 844 2842 (Media)
851 2785 912 2832 have
921 2787 1047 2834 extensive

137 2859 246 2892 recesses
265 2846 354 2905 (places
370 2845 397 2892 ol
414 2846 561 2901 retirement)
578 2845 658 2893 which
679 2861 718 2892 are
737 2845 841 2892 adorned
860 2845 918 2891 with
938 2845 1048 2893 artificitd

137 2904 240 2963 graves)
273 2905 391 2952 Amoenus
403 2904 422 2951 is
434 2904 524 2963 always
536 2904 629 2963 applied
642 2915 666 2951 to
682 2904 775 2951 natural
791 2905 897 2963 beauty3
915 2903 961 2951 and
978 2905 1045 2959 here.

137 2963 230 3023 though
241 2963 258 3009 it
270 2978 321 3010 was
333 2978 387 3010 man
398 2962 483 3011 indeed
496 2963 550 3011 who
567 2963 663 3022 planted
675 2964 716 3011 the
732 2979 827 3024 groves,
840 2963 891 3010 still
907 2963 937 3010 he
954 2964 1048 3024 merely

137 3022 224 3070 carised
237 3033 320 3069 nature
332 3032 356 3068 to
367 3033 404 3069 act
416 3023 438 3068 in
450 3038 464 3069 a
475 3023 601 3081 particular
610 3022 733 3073 direction.

164 3081 205 3129 'F
206 3097 233 3128 or
243 3081 284 3128 the
295 3080 448 3140 explanation
459 3082 486 3128 os
498 3082 546 3129 this
558 3082 704 3136 accusative,
717 3097 758 3130 see
773 3081 851 3129 Grani.
864 3082 877 3132 t
888 3085 939 3129 258.

136 3199 152 3248 h
166 3140 316 3247 '‘Pipircesff
349 3139 404 3187 The
416 3140 481 3188 word
498 3141 592 3200 impiies
609 3141 731 3200 thrusting
747 3141 771 3188 iu
786 3140 827 3188 the
843 3141 923 3188 sword
934 3157 961 3188 as
972 3140 1008 3188 lar
1019 3157 1047 3189 as

154 3215 223 3247 ecou
254 3235 259 3247 .

165 3264 175 3286 ⁴
185 3258 278 3318 Supply
288 3275 322 3314 se,
335 3273 418 3317 avery
429 3273 541 3306 common
551 3259 666 3309 omission
678 3258 737 3306 with
748 3274 792 3306 our
803 3259 897 3307 author.

166 3317 408 3371 ‘Percntareulicuh
424 3322 463 3363 ‘to
479 3317 551 3364 make
567 3333 598 3365 an
613 3317 714 3378 offering
732 3329 758 3365 to
773 3317 814 3365 the
830 3317 910 3374 dead‚’
928 3318 988 3366 theu
1005 3323 1048 3366 ‘tu

148 3439 161 3464 Ι

125 3391 223 3497 ινοῗᾳε
235 3376 279 3426 the
288 3376 364 3428 death
375 3375 405 3427 ol
411 3392 426 3427 a
436 3377 541 3440 person.'

215 3437 328 3490 uiialont
340 3449 367 3491 to
377 3441 513 3499 tumultus,
525 3447 640 3500 stronger
650 3435 713 3484 than
722 3426 856 3483 sabama.
