2274 3772
469 179 561 218 utana
579 180 622 220 tx.
940 165 999 221 279

87 289 222 357 sanguinis
233 288 360 342 imicante
372 289 380 321 ¹
392 288 494 341 remisit
507 305 582 340 arma
593 287 750 344 moribundo
761 287 864 358 similis,
877 289 999 359 adeoque

87 360 224 426 resolutus,
239 367 268 411 ut
285 375 319 411 ne
337 327 371 410 atl
384 357 537 410 vellendum
557 358 667 426 quidem
685 358 769 410 telum
787 358 922 413 sufficeret
934 358 998 414 dex·

86 429 163 481 tera.²
196 429 288 497 Itaque
300 427 335 480 ad
348 425 536 496 expoliandum
546 443 649 496 corpus,
659 427 706 496 qui
716 428 899 481 vulneraverat
910 429 999 483 alacer

85 499 181 566 gaudio
191 497 312 550 accurrit.
349 496 436 554 Quem
455 507 483 548 ut
502 496 610 566 injicere
623 498 723 566 corpori
739 514 787 550 suc
799 515 895 550 manus
906 499 997 568 sensit,

86 569 170 637 oredo,
184 568 271 621 ultimi
284 565 425 619 dedecoris
442 565 596 633 indignitate
609 575 765 636 commotus,
779 566 945 636 linquentem
958 585 998 622 re·

85 638 188 690 vocavit
206 637 347 703 animum,³
364 644 391 688 et
409 635 521 688 nudum⁴
542 635 625 688 hostis
643 635 713 689 latus
732 635 853 704 subjecto
871 654 998 691 mucrone

85 706 193 759 hausit.⁵
217 706 347 761 Jaecbant
360 705 431 757 circa
443 721 534 773 regem
548 707 596 758 tria
605 723 719 776 corpora,
730 707 820 776 procul
830 708 998 775 stupentibus

84 777 194 828 ceteris:
214 775 259 829 ille
273 785 308 843 ut,
322 783 464 842 antequam
479 775 588 827 ultimus
600 775 706 845 spiritus
717 776 852 845 deficeret,
865 778 998 830 dimicans

82 845 137 915 jam
151 846 355 913 extingueretur,
366 844 453 912 clipeo
465 861 494 909 se
506 843 622 896 allevare
634 857 745 897 conatus
757 855 806 914 est,
816 855 843 898 et
856 856 997 915 postquam

83 916 115 967 ad
129 915 319 967 connitendum
339 913 405 966 nihil
424 923 559 982 supererat
572 914 676 984 virium,
689 915 799 968 dextera
810 915 997 984 impendentes

83 1001 170 1036 ramos
189 984 344 1053 complexus
364 983 512 1051 temptabat
529 1000 676 1051 assurgere.
713 983 765 1038 Sed
784 1002 817 1036 ne
836 986 996 1053 sicquidem

119 1062 178 1106 tens
189 1054 312 1122 corporis,
326 1069 415 1104 rursus
433 1053 459 1106 in
477 1070 566 1120 genua
583 1053 740 1124 procumbit,
753 1071 835 1107 manu
850 1070 997 1124 provocans

101 1132 179 1191 ostes,
194 1124 215 1174 si
228 1123 288 1191 quis
300 1121 424 1189 congredi
436 1125 557 1175 auderet.

117 1197 159 1244 21.
177 1192 299 1244 Tandem
320 1191 475 1244 Peucesten
494 1208 542 1261 per
561 1191 643 1245 aliam
663 1192 753 1262 oppidi
773 1200 885 1262 partem,
906 1192 995 1247 detur·

82 1260 152 1313 batis
169 1261 411 1331 propugnatoribus,
428 1261 497 1313 muri
510 1262 623 1330 vestigia
641 1264 814 1332 persequens⁷
832 1264 888 1330 regi
906 1279 995 1332 super·

82 1333 163 1383 venit.
199 1331 257 1389 Quo
278 1337 422 1398 conspecto
440 1330 600 1399 Alexander,
619 1330 675 1399 jam
694 1349 745 1384 non
764 1331 835 1384 vitae
853 1348 926 1400 suae,
946 1331 994 1386 sed

81 1402 172 1453 mortis
191 1401 314 1454 solatium
334 1417 364 1452 su
404 1401 521 1452 trenisse
539 1410 617 1470 ratus,
637 1402 723 1471 clipeo
741 1400 881 1469 fatigatum
899 1418 995 1470 corpus

80 1471 194 1540 excepit.
231 1470 305 1523 Subit
332 1417 400 1522 inulti³
420 1469 555 1536 Timaeus,
581 1479 607 1522 et
637 1470 716 1539 paulo
746 1481 803 1540 post
832 1471 992 1541 Leonnatus,

80 1538 142 1592 huic
160 1540 299 1593 Aristonus
316 1540 476 1609 supervenit.
512 1539 571 1593 Indi
590 1557 703 1610 quoque,
721 1557 783 1592 cum
802 1539 870 1594 intra
888 1541 995 1593 moenia

80 1625 170 1677 regem
189 1627 248 1662 esse
267 1609 467 1679 comperissent,
479 1609 586 1662 omissis
597 1610 702 1679 ceteris,
716 1610 780 1664 illuc
797 1619 993 1678 concurrerunt,

78 1678 259 1748 urgebantque
271 1687 448 1749 protegentes.
476 1679 518 1732 Ex
525 1679 623 1748 quibus
634 1680 768 1749 Timaeus,
779 1680 871 1732 multis
882 1680 993 1732 adverso

78 1764 184 1817 corpore
197 1749 351 1802 vulneribus
362 1747 487 1817 acceptis,
501 1749 662 1817 egregiaque
680 1749 753 1803 edita
770 1765 866 1818 pugna,
880 1749 977 1801 cecidit
984 1766 993 1817 5

78 1817 223 1870 Peucestes
231 1835 337 1888 quoque
349 1817 433 1870 tribus
443 1816 540 1886 jaculis
548 1817 688 1870 confossus
699 1835 750 1870 uon
763 1835 792 1870 se
805 1827 895 1871 tamen
909 1827 991 1886 scuto,

78 1885 126 1938 sed
145 1904 235 1954 regem
254 1887 391 1954 tuebatur,
411 1887 569 1955 Leonnatus,
582 1886 646 1938 dum
659 1887 736 1939 avide
749 1895 857 1939 ruentes
869 1886 994 1939 barbaros

78 1965 236 2024 summovet,
255 1955 361 2008 cervice
381 1955 496 2024 graviter
514 1954 566 2007 icta
586 1955 751 2007 semianimis
770 1956 908 2024 procubuit
931 1965 993 2008 ante

78 2024 148 2092 regis
170 2025 263 2093 pedes.
298 2025 407 2078 lamet
432 2024 577 2076 Peucestes
597 2023 752 2077 vulneribus
772 2023 899 2093 fatigatus
922 2042 992 2078 sum·

77 2093 186 2146 miserat
206 2094 351 2163 clipeumt⁸
371 2093 398 2146 in
416 2092 539 2146 Aristono
564 2110 627 2163 spes
651 2093 746 2146 ultima
769 2091 905 2147 haerebat.
942 2094 993 2148 Hic

78 2179 183 2232 quoque
200 2164 316 2233 graviter
327 2162 433 2216 saucius
452 2172 553 2216 tantam
565 2165 622 2216 vim
640 2163 754 2216 hostium
768 2163 847 2216 ultra⁹
859 2163 991 2217 sustinere

77 2248 130 2285 uon
149 2242 258 2301 poterat.
295 2233 366 2286 Inter
378 2232 446 2286 haec
457 2231 491 2284 ad
504 2233 670 2286 Macedonas
681 2250 771 2302 regem
781 2233 911 2287 cecidisse
920 2233 993 2287 larua

77 2300 179 2370 perlata
197 2312 245 2356 est.
282 2302 431 2355 Terruisset
448 2301 523 2370 alios,
535 2303 606 2371 quod
625 2303 685 2356 illos
700 2304 829 2356 incitavit.
865 2305 992 2372 Namque

77 2371 186 2440 periculi
209 2372 297 2425 omnis
320 2372 493 2425 immemores
513 2371 628 2425 dolabris
650 2372 803 2442 perfregere
828 2389 942 2441 murum,
964 2381 992 2424 et

76 2456 129 2562 pua
141 2441 223 2494 moliti
236 2449 311 2495 eraut
328 2440 439 2509 aditum,
453 2439 569 2509 irrupere
588 2442 614 2495 in
633 2441 737 2511 urbem,
751 2441 884 2509 Indosque
903 2441 992 2510 plures

87 2511 217 2578 ugientes‚
236 2528 317 2580 quam
338 2509 462 2578 congredi
487 2527 572 2580 ausos,
594 2511 757 2564 cecideruut.
793 2512 856 2564 Non.
874 2510 990 2576 senibus,

75 2595 129 2631 non
152 2579 267 2651 leminis,
288 2598 339 2634 nou
364 2579 510 2632 infantibus
533 2580 664 2649 parcitur:
689 2579 811 2650 quisquis
833 2589 990 2649 occurrerat,

50 2729 53 2731 ’
106 2732 112 2752 ¹
126 2725 255 2832 ‘Gushlnfi
265 2725 325 2775 out.’

103 2789 114 2814 ²
126 2786 187 2833 ‘His
202 2786 239 2892 rip
258 2793 266 2832 t
282 2784 347 2854 hand
358 2783 405 2853 bad
415 2792 458 2831 not
468 2798 550 2842 power
559 2799 621 2831 even
633 2793 658 2831 to
669 2782 733 2832 bsnd
744 2783 785 2832 the
796 2785 852 2832 bow
863 2782 986 2845 slightly,'

76 2844 112 2933 [ω’
122 2843 350 2952 lefferpeepplpdnlpeo
360 2842 817 2963 lilefilliieclrlerlllslia'liilgrleyl'departiog.’

104 2969 112 2992 ⁴
124 2968 131 2989 ‘
141 2963 165 3011 N
168 2963 230 3011 alred
240 2962 256 3019 ;'
270 2961 321 3009 that
333 2962 362 3016 is,
376 2961 534 3020 unprotected
545 2963 578 3020 by
589 2977 603 3009 a
613 2961 781 3010 coar-ot-mait.

104 3030 112 3054 ⁸
124 3028 130 3049 ‘
140 3021 241 3071 Pierced
252 3020 313 3079 deep
324 3021 375 3068 into
383 3021 400 3078 ;'
411 3021 503 3126 alwaps
514 3021 577 3088 used
586 3020 614 3068 of
621 3036 635 3068 a
647 3036 705 3080 very
715 3021 828 3081 vigorous
839 3021 927 3069 thrust.

102 3088 111 3112 ³
123 3082 265 3161 Peucestes,
278 3079 426 3149 Leonnatus,
439 3095 469 3127 un
496 3080 637 3136 Aristonus,
648 3079 680 3127 all
692 3080 811 3141 belonged
821 3091 847 3130 to
858 3080 899 3126 the
910 3094 986 3128 seven

73 3138 481 3279 wllPilleriiilrgftlilieltlllllgl.the
492 3197 549 3244 wall
558 3198 574 3254 ς’
588 3197 640 3246 that
651 3198 681 3256 is,
697 3199 785 3260 ‘going
795 3198 867 3258 along
877 3198 919 3246 the
930 3199 984 3247 bot·

73 3257 238 3385 loll‘iialllet
248 3316 287 3364 his
298 3315 376 3365 shield
387 3315 459 3365 sinlt.’
492 3315 522 3365 In
532 3315 602 3366 order
611 3325 637 3366 tc
647 3325 740 3378 protect
757 3316 799 3365 the
814 3315 883 3376 king,
895 3315 926 3364 he
937 3316 986 3365 irad

73 3374 362 3495 terentesn..
