2274 3772
141 175 196 242 198
406 189 445 229 ou
469 191 575 231 cusrrs
598 191 780 232 scurranum.

138 317 255 370 pugnam
280 298 426 351 invadunt.¹
462 299 534 357 Quos
557 299 623 353 dum
646 299 750 353 obsidet
774 317 827 368 rex,
853 300 920 352 inter
943 316 1056 371 prorup-

139 371 256 422 tissimos
272 367 402 421 dimicans
414 369 508 436 sagitta
521 369 589 421 ictus
602 379 649 437 est,
663 386 731 438 quae
749 370 774 422 in
794 368 883 421 medio
901 386 978 421 crure
997 370 1056 425 fixa

139 439 280 507 reliquerat
298 436 438 507 spiculum.
475 438 552 490 illum
565 439 674 507 quidem
689 439 783 490 maesti
796 449 822 490 et
835 439 937 490 attoniti
956 440 1054 492 Mace-

138 507 222 560 dones
241 507 267 559 in
288 515 374 559 castra
393 506 558 560 referebant:
584 505 632 560 sed
656 525 705 559 nec
726 508 851 560 barbaros
871 507 966 560 fefellit
988 509 1054 562 snb·

138 576 235 629 ductus
247 594 280 628 ex
292 576 365 628 acie:
384 576 482 645 quippe
501 594 535 628 ex
552 577 623 628 edito
641 587 730 629 monte
743 587 837 629 cuncta
850 591 1053 646 prospexerant.

138 647 230 715 Itaque
244 653 347 714 postero
360 644 402 697 die
416 647 512 698 misere
524 645 625 714 legatos
636 645 669 698 ad
684 663 781 714 regern,
795 664 860 716 quos
872 646 917 698 ille
930 649 1055 726 protinus

137 716 213 784 jussit
225 715 338 784 admitti,
352 714 496 784 solutisque
516 715 599 785 sociis,
614 715 824 782 magnitudinem
837 715 954 768 vulneris
972 717 1053 770 dissi-

141 785 252 854 mulans,
265 802 326 837 crus
337 782 456 837 barbaris
467 784 589 837 ostendit.
626 785 666 838 illi
677 784 742 854 jussi
756 784 892 838 considere
904 785 1053 857 affirmant,

139 870 188 906 non
209 853 380 923 Macedones,
394 871 473 923 qnam
492 855 573 922 ipsos²
585 854 710 906 tristiores
725 854 808 907 luisse
821 856 924 921 cognito
937 855 1054 908 vulnere

139 923 145 974 i
166 924 233 975 sins:
254 923 330 994 quus
348 924 369 974 si
388 934 523 976 auctorem
536 923 719 993 repperissent,
734 924 867 976 dedituros
878 923 970 992 luisse,
984 942 1053 979 cum

159 993 189 1044 iis
208 993 280 1044 enirn
298 1010 416 1061 pugnare
436 994 577 1060 sacrilegos
597 1002 709 1044 tanturn.
746 995 866 1046 Ceterum
889 1011 918 1047 se
937 1004 1054 1061 gentem

140 1063 165 1113 in
184 1061 265 1114 fidem
284 1061 389 1131 dedere,
405 1072 541 1131 superatos
559 1063 654 1114 virtute
673 1061 750 1114 illius.
786 1063 850 1132 Rex,
868 1062 920 1114 fide
939 1063 1005 1114 data
1025 1075 1055 1118 et

139 1133 249 1201 captivis
262 1134 381 1201 receptis,
395 1141 502 1199 gentem
516 1132 540 1183 in
554 1131 715 1184 deditionem
727 1132 837 1200 accepit.
874 1132 972 1184 Castris
985 1132 1055 1187 inde

139 1202 218 1260 motis
236 1200 331 1252 lectica
346 1201 450 1253 militari
468 1201 608 1269 serebatur,
621 1218 702 1269 quarn
721 1218 766 1270 pro
785 1219 813 1252 se
832 1201 944 1270 quisque
964 1219 1056 1271 eques

138 1270 272 1339 pedesque
285 1270 384 1323 subire⁸
395 1271 540 1322 certabant.
578 1272 694 1339 Equites,
708 1286 769 1322 cum
783 1270 877 1339 quibus
889 1287 936 1322 rex
947 1271 1056 1340 proelia

139 1340 205 1391 inire
226 1341 319 1391 solitus
339 1349 402 1408 erat,
424 1340 462 1390 sui
484 1340 601 1391 muneris
624 1340 649 1390 id
674 1357 732 1391 esse
756 1339 916 1392 censebant:
941 1340 1055 1409 pedites

138 1417 235 1477 contra,
254 1426 315 1460 oum
335 1410 437 1460 saucios
454 1409 648 1460 commilitones
667 1409 715 1477 ipsi
735 1418 838 1475 gestare
856 1409 1053 1482 assuevissent,

139 1479 203 1545 eripi
221 1477 270 1528 sibi
289 1478 421 1545 proprium
439 1477 557 1530 officium
576 1488 631 1529 turn
650 1478 824 1546 potissimum,
842 1495 905 1530 cum
924 1495 970 1530 rex
988 1497 1054 1548 ges·

139 1545 234 1597 landus
256 1556 335 1613 esset,
376 1546 541 1598 uerebantur.
578 1548 640 1613 Rex,
664 1548 781 1599 intanto
806 1548 941 1615 utriusque
966 1550 1056 1617 partis

138 1615 291 1681 certamine,
306 1623 333 1666 et
345 1563 394 1666 sibi
408 1614 554 1684 difficilem,
569 1625 593 1667 et
607 1617 753 1684 praeteritis
764 1634 872 1685 gravem
886 1616 1054 1674 electionem

138 1684 254 1741 suturam
268 1694 345 1752 ratus,
360 1685 472 1736 invicem
487 1685 574 1736 subire
587 1702 632 1737 eos
647 1684 727 1737 ussit.

175 1759 216 1805 26.
235 1754 303 1807 Hinc
314 1763 405 1822 quarto
421 1754 465 1805 die
481 1754 514 1806 ad
532 1753 624 1806 urbem
674 1753 814 1807 aracanda⁴
825 1762 983 1823 perventum
998 1770 1053 1810 est.

140 1823 207 1876 LXX
219 1823 304 1875 stadia
316 1841 407 1875 murus
420 1823 491 1876 urbis
502 1823 669 1893 amplectitur
677 1840 684 1890 5
702 1841 749 1876 arx
766 1824 816 1875 alio
836 1823 948 1890 cingitur
960 1842 1053 1879 muro.

139 1896 179 1945 Aa
197 1893 327 1961 praesidio
346 1893 418 1945 urbis
438 1894 533 1959 relicto,
548 1894 679 1961 proximos
691 1893 763 1944 vicos
780 1893 953 1962 depopulatur
964 1902 1054 1964 atque

139 1964 208 2015 urit.⁵
248 1963 340 2030 Legati
369 1962 466 2015 deinde
495 1962 622 2021 Abiorum
652 1962 821 2031 Scytharum⁵
849 1963 1053 2035 superveniunt,

139 2031 223 2098 liberi,
237 2049 270 2083 ex
283 2048 334 2099 quo
350 2031 499 2083 decesserat
519 2033 609 2100 Cyrus,
627 2040 683 2083 lum
702 2031 830 2100 imperata
849 2031 950 2083 lactari.
987 2034 1053 2086 Jus·

139 2101 253 2153 tissimos
272 2101 440 2153 barbarorum
461 2103 613 2153 constabat:
638 2101 718 2152 armis
740 2100 914 2167 abstinebant,
937 2100 989 2153 nisi
1014 2102 1054 2156 la·

138 2170 243 2220 cessiti:
268 2169 394 2222 libertatis
414 2170 516 2221 modico
536 2180 561 2222 et
580 2170 685 2238 aequali
707 2186 754 2222 usu
777 2170 938 2238 principibus
959 2169 1053 2226 hurni-

139 2239 215 2290 liores
228 2256 303 2307 pares
316 2240 441 2290 fecerant.
479 2240 532 2290 Hos
544 2240 656 2306 benigne
669 2239 804 2308 allocutus,
818 2240 852 2290 ad
865 2255 909 2290 eos
921 2239 1052 2311 Scythas,

137 2309 182 2376 qui
204 2309 336 2376 Europam
357 2307 491 2375 incolunt,⁷
511 2307 623 2360 Bertlam
644 2308 777 2376 quendam
798 2309 868 2360 misit
888 2325 922 2359 err
941 2310 1051 2381 amicis,

137 2379 182 2446 qui
206 2378 371 2430 denuntiaret
396 2376 443 2445 his,
469 2395 501 2429 ne
525 2378 645 2446 Tanaim,
667 2396 774 2430 amnem
800 2377 917 2445 regionis,
941 2377 1052 2447 injussu

137 2449 206 2515 regis
223 2449 368 2500 transirent.
405 2447 501 2500 Eidem
518 2447 681 2512 mandatum,
701 2458 726 2498 ut
743 2446 964 2515 contemplaretur
976 2447 1052 2502 loco-

166 2552 172 2573 ¹
184 2547 328 2604 Equivalent
340 2557 364 2592 to
376 2548 552 2607 ingrediuntur,
566 2546 656 2591 incurat.

164 2605 328 2663 euqnivatenr
344 2616 369 2652 to
384 2622 417 2660 ae,
436 2606 478 2652 hut
496 2620 561 2651 more
580 2602 716 2661 emphatic;
742 2602 814 2662 ‘they
832 2600 992 2658 themselves,
1014 2605 1051 2665 by

136 2662 215 2710 whom
227 2663 267 2710 the
280 2664 366 2711 wound
379 2663 423 2710 had
436 2666 496 2710 been
508 2662 631 2709 inflicted.'

163 2722 238 2768 ἩΤο
254 2722 327 2769 bear)
361 2722 436 2781 Many
453 2721 480 2768 os
495 2722 535 2768 the
556 2720 703 2779 compounds
719 2718 747 2766 os
760 2722 795 2767 ire
808 2719 869 2767 have
886 2734 900 2766 a
915 2720 1049 2770 transitive

134 2780 253 2840 meaning.
286 2781 331 2827 See
346 2781 425 2828 Gram.
438 2780 451 2831 i
463 2785 514 2835 250,
529 2791 583 2829 note
597 2784 616 2826 l.

163 2838 391 2898 ‘Unquesrionably
407 2839 447 2886 the
467 2839 564 2886 modern
584 2839 632 2897 city
648 2837 676 2884 os
691 2836 844 2892 Samarcand,
863 2836 968 2884 situated
987 2837 1015 2886 in
1033 2856 1049 2888 a

132 2896 210 2945 fertile
229 2897 321 2945 district
338 2898 443 2946 watered
462 2900 493 2958 by
510 2898 550 2945 the
570 2899 632 2945 river
651 2897 821 2957 Polytimetus,
839 2911 865 2942 as
881 2896 922 2942 the
943 2895 1048 2949 Greeks

132 2956 246 3004 translate
259 2957 289 3003 its
301 2957 380 3003 native
392 2962 469 3004 name.

162 3024 170 3047 ⁸
181 3016 222 3063 No
233 3015 307 3063 doubt
318 3014 354 3062 for
364 3015 404 3062 the
417 3031 518 3074 purpose
529 3015 557 3062 os
564 3015 658 3062 inducin
688 3015 728 3062 the
740 3014 886 3062 inhabitants
897 3012 925 3059 of
932 3014 974 3060 the
985 3030 1045 3065 sur·

131 3076 249 3136 rounding
260 3085 360 3133 country
371 3074 515 3133 voluntarily
527 3084 551 3121 to
563 3074 646 3121 tender
657 3031 718 3121 tireir
729 3073 882 3121 submission.

158 3141 167 3164 ⁸
179 3137 203 3182 A
214 3134 324 3183 nomadie
336 3133 405 3188 tribe,
419 3133 473 3180 who
485 3149 548 3180 were
560 3132 680 3181 reckoned
695 3135 726 3192 by
737 3133 777 3180 the
790 3131 885 3179 Greeks
897 3146 986 3192 among
999 3133 1046 3183 the

131 3193 269 3250 Scythiam,
283 3192 329 3239 aad
345 3192 368 3238 in
384 3193 464 3238 whom
482 3191 539 3251 they
556 3191 658 3252 thought
675 3192 733 3252 they
748 3190 889 3252 recognised
904 3190 946 3237 the
965 3196 1046 3255 ‘very

132 3247 183 3313 Just
196 3253 279 3309 'Adros'
293 3250 321 3299 of
334 3251 432 3305 Homer,
445 3250 516 3304 Iliad,
530 3251 579 3299 xiii.
591 3254 612 3297 6.

159 3317 166 3339 ’
178 3312 269 3367 These,
283 3310 388 3370 namely‚
399 3309 454 3357 who
465 3309 539 3357 dwelt
551 3309 646 3418 beqpnd
656 3317 696 3357 ttre
709 3310 830 3364 laxartes,
841 3308 887 3356 arrd
898 3307 962 3364 who,
975 3307 1045 3361 from

116 3370 160 3418 tIre
169 3372 235 3421 salise
245 3371 302 3422 idea
315 3372 367 3422 that
379 3371 432 3423 that
444 3369 507 3421 river
516 3379 589 3420 wast
607 3369 723 3420 e'Yanats
731 3368 884 3424 dictitavere
895 3367 1044 3422 considered

106 3438 135 3478 to
145 3432 178 3480 be
190 3433 218 3481 r'n
228 3431 341 3498 Europe.
