2274 3772
118 102 156 157 lb
383 114 422 156 oa
445 116 552 157 ousrra
573 118 756 157 stanuum.

284 220 366 347 ippum
386 225 502 294 saevitia,
521 226 562 278 ris
586 243 645 279 esse
669 234 803 279 testatum.
838 227 896 280 Rex
917 225 1023 281 bouum

117 225 240 280 olemen'

116 234 291 349 animurrifflha
310 312 355 347 ere
375 312 422 348 eas
440 294 524 365 jussit,
537 295 614 349 Darei
635 294 720 348 filiurn
737 296 804 349 collo
822 312 869 348 suo
886 294 1022 351 admovit:

116 375 196 433 atque
209 364 273 418 nihil
292 364 337 416 ille
354 374 498 433 conspectu
515 373 572 417 tum
584 367 697 433 primum
716 382 734 417 a
752 384 780 418 se
794 364 841 418 visi
854 367 1022 436 conterritus,

116 435 247 488 cervicem
265 433 323 504 ejus
343 433 463 486 manibus
484 433 660 503 amplectitur.
696 435 787 488 Motus
805 444 866 503 ergo'
890 451 935 486 rex
958 452 1023 489 cou-

117 503 223 556 stantia¹
260 504 315 556 ueri
337 503 561 572 Hephaestionem
581 504 692 572 intuens,
706 521 786 573 quam
799 504 916 573 vellem,²
927 505 1021 577 inquit,

118 574 219 626 Dareus
229 521 329 641 ailquid
341 589 376 625 ex
388 573 438 625 hac
449 572 537 626 indole
550 572 698 626 hausisset!

151 647 191 694 33.
210 643 280 695 Turn
300 641 469 695 tabernaculo
492 659 623 711 egressus,
644 642 727 695 tribus
744 642 797 694 aris
814 643 840 695 iu
859 641 915 712 ripa
932 642 1022 696 Pinari
1071 668 1083 691 ι

115 712 202 766 amnis
230 711 290 765 Jovi
318 722 398 780 atque
427 711 534 764 Herculi
556 712 749 780 Minervaeque
772 712 890 781 sacratis,
915 712 1021 782 Syriam

116 782 188 851 petit,
202 783 371 849 Damascum,
385 780 430 833 ubi
442 783 511 849 regis
521 798 588 849 gaza
603 789 666 850 erat,
680 781 853 834 Parmenione
865 782 1021 850 praemisso.

116 853 204 920 Atque
216 867 278 903 oum
289 850 464 918 praecessisse
476 851 555 903 Darei
573 859 705 919 satrapam
717 851 909 920 comperisset,a
921 854 1023 906 veritus

115 937 149 973 ne
167 920 288 990 paucitas
305 935 410 973 suorum
423 929 595 989 sperneretur,
608 936 744 972 accersere
762 919 889 990 majorem
908 937 1022 975 manum

115 990 215 1043 statuit.
250 988 302 1042 Sed
319 989 384 1040 torte
403 992 429 1042 in
449 989 626 1059 exploratores
644 989 680 1042 ab
699 1006 731 1041 eo
770 990 910 1043 raemissos
928 988 1023 1045 incidit

114 1059 220 1112 natione
240 1059 359 1126 Mardus,
379 1058 425 1126 qui
443 1058 477 1110 ad
498 1057 672 1120 Parmeniona
691 1075 738 1128 per
759 1069 843 1130 uetus,
865 1058 966 1112 litteras
986 1061 1022 1114 ad

114 1127 295 1183 Alexandrum
306 1144 323 1179 a
334 1127 467 1196 praelecto
479 1127 603 1181 Damasci
619 1127 717 1181 missas
734 1128 812 1181 tradit
830 1128 862 1198 ei,
875 1145 926 1182 nec
943 1128 1022 1183 dubi-

114 1206 170 1251 tare
190 1215 253 1252 eum
273 1197 348 1277 quin⁴
365 1214 472 1250 omnem
493 1197 592 1266 regiam
612 1196 806 1266 supellectilem
825 1213 888 1251 cum
906 1199 1023 1268 pecunia

114 1267 352 1337 traderet,adJecit.
382 1266 529 1334 Parmenio,
537 1265 794 1336 asservarieojusso,
803 1266 906 1320 litteras
917 1267 1019 1336 aperit:

113 1337 140 1389 in
181 1337 233 1389 uis⁶
255 1345 312 1389 erat
335 1336 470 1404 scriptum,
495 1345 522 1388 ut
544 1343 647 1388 mature
670 1335 823 1389 Alexander
845 1337 962 1407 aliquem
987 1354 1022 1391 err

113 1406 174 1458 duci
195 1424 226 1459 us
249 1405 304 1458 suis
324 1405 439 1457 mitteret
459 1420 522 1456 oum
541 1422 623 1459 manu
642 1405 745 1472 exigua.
781 1406 873 1475 Itaque
893 1405 1022 1460 Mardum

113 1474 183 1527 datis
210 1474 351 1528 comitibus
377 1473 410 1525 ad
439 1473 598 1542 proditorem
624 1473 741 1527 remittit.
785 1474 834 1528 Ille
857 1493 873 1527 e
895 1475 1023 1530 manibus

112 1543 317 1597 custodientium
329 1543 426 1612 lapsus,
440 1543 601 1596 Damascum
618 1551 679 1596 ante
698 1543 785 1597 luoern
798 1543 884 1597 intrat.
920 1545 1022 1598 Turba·

113 1622 187 1666 verat
198 1630 232 1666 ea
244 1630 286 1666 res
298 1611 480 1666 Parmenionis
496 1612 617 1666 animum
635 1611 745 1666 insidias
762 1612 889 1684 timentis,
902 1621 930 1666 et
948 1613 1023 1682 igno·

112 1692 169 1736 tum
193 1683 242 1736 iter
264 1682 322 1737 sine
345 1682 414 1734 duce
437 1696 488 1734 uon
510 1682 626 1735 audebat
646 1681 763 1752 ingredi:
787 1681 1021 1751 felicitati-‚tamen

112 1752 181 1821 regis
199 1753 238 1806 sui
256 1752 377 1819 confisus,
396 1760 520 1819 agrestes,
539 1752 583 1821 qui
602 1750 685 1805 duces
702 1751 802 1805 itineris
816 1761 916 1822 essent,
930 1753 1021 1824 excipi

111 1821 197 1892 jussit.
233 1821 336 1880 Quibus
353 1819 473 1872 celeriter
491 1821 607 1890 repertis,
625 1830 717 1889 quarto
735 1819 830 1874 dicad
848 1822 942 1879 urbem
961 1839 1021 1891 per-

112 1892 191 1961 venit,
203 1890 260 1960 jam
271 1898 407 1944 metuente
420 1888 561 1959 praefecto,
574 1908 608 1943 ne
621 1889 672 1942 sibi
689 1890 757 1943 fides
771 1889 862 1943 habita
874 1906 926 1943 non
938 1902 1020 1944 esset.

112 1960 193 2028 Igitur
215 1959 292 2030 quasi
314 1977 408 2031 parum
435 1959 607 2012 munimentis
635 1960 725 2029 oppidi
749 1959 843 2028 fidens,
865 1969 927 2012 ante
955 1960 1022 2014 solis

111 2038 196 2082 ortum
216 2029 357 2098 pecuniam
378 2029 478 2096 regiam
498 2029 603 2107 (gazam
627 2029 723 2082 Persae
743 2029 857 2098 vocant),
878 2045 940 2082 oum
960 2046 1020 2098 pre·

111 2097 261 2151 tiosissimis
276 2097 376 2153 rerum⁸
394 2097 481 2150 efferri
498 2097 582 2167 Jubet,
601 2096 692 2166 fugam
710 2097 847 2168 simulans
860 2115 888 2151 re
906 2115 977 2169 vera,
991 2110 1021 2152 ut

110 2167 237 2237 praedam
249 2165 318 2219 hosti
329 2165 443 2219 offerret.
861 2211 864 2216 .

145 2241 187 2290 34.
204 2235 292 2288 Multa
302 2235 377 2288 milia
384 2235 500 2288 virorum
512 2233 724 2305 feminarumque
735 2235 911 2290 excedentem
922 2236 1021 2307 oppido

110 2305 294 2376 sequebantur,
314 2305 437 2361 omnibns
454 2303 613 2358 miserabilis
631 2306 713 2374 turba,
732 2314 836 2376 praeter
852 2322 923 2375 eum,
942 2306 1021 2376 cujus

109 2376 172 2431 fidei
189 2375 331 2429 commissa
347 2383 412 2427 erat.
449 2373 563 2444 Quippe
579 2391 631 2444 quo
650 2375 732 2444 major
743 2374 897 2445 proditionis
912 2392 1021 2430 meroes

109 2446 183 2516 foret,
204 2444 320 2499 ob'icere
339 2443 408 2497 hosti
427 2444 537 2517 parabat
556 2445 698 2513 gratiorem
718 2445 790 2498 omni
810 2444 924 2515 pecunia
944 2461 1019 2515 prae·

108 2515 180 2585 darn,
204 2463 306 2569 nohiles
328 2514 405 2584 viros,
429 2523 578 2584 praetorum
603 2515 680 2567 Darei
703 2513 830 2584 conjuges
857 2512 1018 2585 liberosque,

108 2593 212 2654 praeter
229 2585 278 2637 hos
295 2585 456 2636 Graecarum
479 2582 595 2636 ιιιῑιίιιιιι8
612 2583 721 2652 legatos,
740 2599 808 2652 quos
824 2583 927 2635 Dareus
943 2584 1020 2639 velut

109 2708 234 2776 clemency
244 2708 324 2756 rather
335 2708 393 2756 then
403 2708 526 2776 severity!
562 2709 683 2759 Terrarum
693 2727 744 2759 erse
753 2712 812 2766 colo,
828 2714 834 2735 ¹
843 2709 855 2758 l
866 2708 928 2757 wiah
939 2719 965 2759 to
975 2726 1020 2760 aee

108 2783 123 2815 a
141 2767 210 2826 thing
226 2766 316 2814 known
333 2783 360 2816 or
378 2769 452 2815 borne
468 2776 567 2816 witness
583 2770 624 2818 to.’
657 2770 695 2818 As
711 2779 737 2818 to
747 2777 847 2819 tortum
858 2768 883 2817 in
895 2784 910 2817 a
920 2771 1020 2829 passive

109 2825 336 2933 εθιιεῗέοξάζὲναιῖ.
347 2826 370 2933 lid
375 2827 426 2883 139,
439 2836 495 2874 note
506 2831 530 2874 2.

138 2889 163 2912 ¹⁴
212 2900 227 2931 n
262 2900 286 2932 ru
330 2885 444 2933 oness'

136 2948 147 2974 ⁸
157 2948 163 2969 ⁴
172 2943 236 2991 How
247 2899 319 2991 muih
331 2943 342 2991 1
353 2943 441 2992 should
451 2944 512 2993 have
524 2944 617 2994 wished
626 2948 642 2994 l'

137 3002 283 3051 ³Parmenio
293 3003 314 3050 is
325 3003 366 3050 the
377 3003 470 3071 subject
481 3003 509 3050 os
520 3002 570 3052 this
583 3008 649 3055 verb.

137 3061 251 3118 ‘Debita
264 3062 288 3132 in
299 3061 341 3130 the
351 3077 446 3110 meaurn
481 3062 508 3110 ⁴1
519 3061 613 3132 doubt‚'
626 3065 647 3113 is
662 3065 775 3114 followed
785 3066 819 3126 by
829 3064 871 3114 the
882 3063 1018 3127 infinitive3

107 3078 678 3232 1)υέἒὲξάἔέιέἪῐὲωἶθοῇωᾶῐῐέἓῃᾝὲῃψηῤ
697 3125 747 3232 Stes
755 3124 834 3173 Graes
844 3124 987 3181 b352‚,note
994 3131 1020 3178 4.

305 3197 316 3237 ,·
622 3199 647 3231 ιιι
729 3200 766 3232 us.

121 3269 124 3276 ·
135 3244 145 3269 ⁸
156 3239 203 3286 See
213 3197 298 3296 iibere,
311 3239 380 3298 chap.
389 3195 429 3296 rbi),
442 3250 466 3288 at
477 3239 518 3288 the
529 3241 667 3304 beginning.
680 3199 709 3233 ur
721 3200 728 3233 Ι

136 3301 145 3324 ’
156 3297 301 3357 Quintilem
311 3308 337 3347 to
347 3315 409 3346 nana

135 3355 180 3406 'it
193 3357 281 3408 should
295 3357 407 3420 properly
416 3357 519 3419 perhaps
529 3360 560 3409 be
570 3361 700 3417 σιύἰιαιιιιιι,
712 3375 741 3410 as
755 3359 797 3410 the
812 3359 962 3412 inhabitants
977 3378 1023 3416 era
