2274 3772
489 190 581 232 arara
600 191 643 231 rx.
960 173 1017 230 2⁹1

111 299 268 356 temeritatis
291 300 415 353 solatium
438 309 567 370 perpetua
586 299 708 352 felicitas.
744 299 807 353 lam
825 298 910 352 CCCC
934 298 1020 352 stadia

111 378 299 442 processerant,
312 387 374 423 cum
386 370 575 450 gubernatores
587 385 730 437 agnoscere
743 370 814 438 ipsos
825 385 917 421 auram
929 369 1018 436 maris,

110 449 140 494 et
155 439 235 493 »haud
261 439 350 509 pecul
368 439 451 492 videri
472 438 522 491 sibi
542 439 679 491 Oceanum
696 438 799 506 abesse,
818 437 935 490 indicant
954 438 1018 506 regi.

111 510 211 563 Laetus
239 508 283 561 ille
312 508 408 561 hortari
437 508 555 562 nauticos
583 507 678 576 coepit,
708 507 891 560 incumberent
922 509 1018 559 remis:

111 574 208 632 edesse
231 579 312 632 finem
336 577 432 630 laboris
454 576 578 630 omnibus
597 578 665 628 votis
687 573 850 645 expetitum
877 576 928 628 'am
953 576 1019 628 nihil

111 647 209 729 gloriae
232 648 335 716 deesse,
361 646 426 699 nihil
450 647 555 700 obstare
575 645 670 712 virtuti,
692 647 748 698 sine
772 644 825 697 ullo
880 645 943 698 artis
966 645 1019 698 dis·

111 718 230 786 crimine,
244 717 302 769 sine
315 716 442 784 sanguine
453 717 544 770 orbem
558 726 642 768 terrae
654 714 689 766 ab
702 715 835 794 illiscapi;
850 732 885 767 ne
897 723 1019 767 naturam

111 787 220 856 quidem
237 785 340 854 longius
351 800 427 855 posse
439 784 598 908 procedere,
615 785 690 837 brevi
702 784 832 852 incognita
844 784 894 836 nisi
912 784 1019 836 immor·

111 856 209 909 talibus
221 871 280 907 esse
293 855 402 907 visuros.
460 871 541 908 aucos
553 865 643 907 tamen
655 853 758 922 navigio
770 852 860 905 emisit
879 853 905 906 in
926 854 1018 923 ripam,

111 926 158 994 qui
177 933 295 992 agrestes
309 941 391 991 vagos
406 925 567 993 exciperent,
581 940 596 975 e
608 922 706 992 quibus
722 923 833 975 certiora
852 922 924 976 nosci
942 938 1019 992 posse

112 994 245 1064 sperabat.
281 993 321 1046 Illi
334 994 442 1046 scrutati
452 994 541 1046 omnia
553 993 665 1060 tuguria,
679 993 787 1045 tandem
800 991 914 1045 latentes
927 1008 1018 1061 reppe-

112 1079 179 1116 rere.
215 1062 266 1122 Qui
279 1062 436 1130 interrogati,
450 1079 531 1133 quarn
549 1062 640 1131 procul
651 1061 756 1114 abesset
769 1061 862 1114 marei
880 1061 1019 1130 responda-

113 1142 178 1201 runt,
192 1132 296 1184 nullum
313 1131 384 1201 ipsos
396 1149 469 1184 mare
481 1149 515 1185 ne
527 1132 600 1184 fama
611 1131 719 1200 quidem
731 1131 882 1199 accepisse:
901 1138 1020 1182 cetemm

112 1203 188 1254 tertio
206 1201 250 1254 die
270 1202 400 1270 perveniri
455 1216 497 1254 sse
514 1201 549 1255 ad
567 1217 665 1270 aquarn
684 1217 811 1268 amaram,
824 1216 894 1278 quae
905 1215 1020 1251 corrum-

112 1278 187 1340 peret
205 1270 322 1323 dulcem.
365 1271 422 1324 Inte
433 1271 531 1324 lectum
551 1278 599 1337 est,
620 1286 693 1322 mare
711 1270 848 1321 destinar1¹
868 1268 903 1320 ab
924 1268 1021 1336 ignaris

113 1351 221 1393 naturae
239 1339 305 1410 ejus.
342 1340 434 1409 ltaque
453 1340 551 1409 ingenti
572 1340 707 1392 alacritate
726 1338 825 1391 nautici
844 1338 980 1406 remigant,
994 1344 1021 1389 et

113 1411 229 1478 proximo
239 1426 343 1479 quoquc
355 1409 406 1478 die,
420 1426 473 1480 quo
483 1410 589 1480 propius
601 1426 662 1478 spes
673 1408 871 1476 admovebatur,
885 1406 1022 1459 crescebat

112 1479 188 1531 ardor
205 1481 360 1531 animcmru.
397 1480 486 1532 Tertio
509 1478 564 1548 jam
588 1480 632 1531 die
657 1479 770 1531 mixtum
790 1476 893 1530 flumini
917 1475 1021 1531 subibat

112 1565 193 1617 mare,
207 1549 259 1601 leni
278 1547 366 1601 adhuc
385 1559 460 1602 aestu
477 1549 656 1602 confundente
673 1548 793 1616 dispares
811 1545 916 1599 undas.²
950 1546 1021 1598 Tum

111 1619 192 1670 aliam
214 1617 328 1670 insulam
349 1619 438 1671 medio
458 1622 531 1671 amni
551 1619 628 1672 sitam
647 1617 733 1670 evecti
752 1616 830 1686 paulo
843 1615 946 1682 lentius,
959 1614 1022 1684 quia

111 1705 204 1741 cursus
221 1696 297 1740 aestu
316 1687 698 1758 reverberabatur,³applicant
716 1686 839 1754 classem,
853 1694 880 1737 et
897 1684 932 1737 ad
950 1700 1021 1736 ccm-

112 1765 217 1837 meatus
234 1756 363 1826 petendos
374 1757 531 1828 discurrunt,
545 1758 631 1819 securi
644 1773 723 1809 casus
734 1755 800 1824 ejus,
814 1754 858 1823 qui
871 1754 1022 1823 supervenit

112 1845 119 1878 r
156 1843 218 1878 aris.

120 1844 188 1947 ΕΠ35.
207 1894 296 1947 Tertia
314 1893 397 1949 fenne
416 1894 480 1947 hora
497 1903 562 1964 erat,
574 1911 637 1947 cum
648 1900 716 1946 stata
728 1893 797 1943 vice⁴
808 1892 930 1944 Oceanus
942 1907 1021 1942 exae-

112 1973 205 2017 stuans
226 1961 315 2015 invehi
336 1963 421 2032 coepit
442 1972 469 2014 et
494 1972 560 2015 retro
580 1963 680 2016 flumen
701 1977 802 2029 urgere.
838 1960 913 2018 Quod
938 1960 1022 2029 primo

112 2033 265 2096 coercitum,
284 2031 381 2083 deinde
399 2031 586 2085 vehementius
605 2030 720 2101 pulsum,
740 2029 839 2099 majore
857 2028 958 2098 impetu
976 2029 1022 2080 ad·

114 2118 219 2154 versum
236 2100 372 2170 agebatur,
385 2118 467 2170 quam
486 2100 608 2153 torrentia
626 2100 761 2170 praecipiti
779 2098 856 2151 alveo
869 2099 1022 2151 incurrunt.⁶

113 2171 204 2240 Ignota
226 2170 306 2239 vulgo
329 2168 389 2223 freti
412 2180 505 2224 natura
528 2179 592 2240 erat,
616 2179 785 2238 monstraque
809 2177 836 2221 et
864 2168 917 2220 irae
940 2168 1021 2221 deum

112 2240 209 2293 indicia
221 2255 330 2293 cernere
343 2239 508 2293 videbantur.
544 2240 694 2293 Identidem
712 2240 893 2292 intumescens
910 2246 1022 2291 marcet

114 2311 139 2362 in
149 2326 257 2380 campos
269 2307 347 2379 paulo
359 2318 420 2362 ante
433 2311 518 2362 siccos
529 2310 692 2362 descendere
704 2308 882 2378 superfusum.
908 2309 1022 2374 Jamque

114 2379 208 2431 levatis
231 2378 350 2446 navigiis,
374 2389 400 2430 et
424 2387 479 2432 tcta
499 2379 585 2431 classe
604 2379 731 2448 dispersa,
750 2378 794 2446 qui
816 2377 927 2445 expositi
948 2385 1022 2428 eraut

113 2447 230 2518 undique
248 2448 281 2500 ad
300 2464 384 2499 naves
402 2447 496 2516 trepidi
516 2458 543 2500 et
563 2448 703 2517 improviso
724 2446 793 2499 malo
813 2445 916 2497 attoniti
936 2461 1022 2496 recur-

114 2527 181 2570 runt.
217 2517 268 2571 Sed
287 2517 312 2568 iu
333 2517 446 2570 tumultu
459 2517 592 2570 festinatio
605 2533 710 2585 quoque
722 2515 797 2567 tarda
808 2523 857 2566 est.
892 2514 926 2566 Hi
938 2514 1022 2566 contis

113 2587 218 2655 navigia
235 2586 412 2656 appellebant,
422 2585 459 2638 ‘hi
477 2586 543 2639 dum
560 2603 648 2639 remos
664 2585 747 2654 aptari
765 2582 948 2653 prohibebant,
962 2599 1022 2636 con-

114 2655 257 2710 sederant.⁶
292 2655 408 2714 Quidam
428 2657 570 2725 enavigare
590 2664 768 2726 properantes,
787 2653 834 2705 sed
856 2669 906 2705 uon
925 2669 1021 2722 expec-

116 2755 203 2762 ——u—-
478 2749 1022 2760 --——-————·—-——

143 2791 149 2814 ¹
163 2784 242 2833 ‘'l'hat
254 2785 295 2834 the
306 2800 347 2834 sea
358 2800 409 2834 was
420 2785 518 2834 meant.’

141 2850 151 2875 ²
164 2845 202 2892 ‘A
214 2845 271 2900 tide,
284 2860 311 2893 as
327 2854 368 2904 yet
379 2845 459 2900 wcak,
472 2844 564 2905 mining
580 2843 621 2892 the
637 2840 742 2902 uuequal
754 2852 842 2889 waters
853 2841 967 2902 (namely,
981 2843 1021 2890 the

114 2913 189 2953 water
199 2903 227 2952 cf
239 2903 278 2951 the
290 2918 332 2951 saa
342 2903 389 2952 and
400 2903 441 2952 the
452 2903 540 2959 river).’

141 2963 233 3010 ⁸¹Thc
249 2978 333 3010 course
349 2961 377 3010 of
390 2963 431 3010 the
447 2963 503 3011 fleet
520 2961 642 3021 (impelled
658 2962 690 3020 by
701 2960 742 3009 the
754 2971 848 3009 current
859 2960 887 3009 of
899 2958 939 3008 thc
951 2960 1021 3014 river)

113 3039 164 3073 was
175 3021 277 3071 resisted
288 3020 335 3069 and
346 3021 441 3069 thrown
451 3021 514 3070 back
525 3024 557 3080 by
569 3021 609 3069 the
621 3020 669 3068 tide
681 3019 708 3067 of
715 3019 756 3067 the
767 3021 859 3068 ocean!

141 3087 150 3110 ⁴
162 3081 310 3140 ‘According
319 3091 343 3128 to
352 3080 382 3128 its
391 3079 485 3140 regular
492 3080 601 3149 change)
625 3079 679 3127 The
688 3077 737 3126 tide
744 3078 772 3126 of
778 3079 819 3127 the
829 3078 1022 3127 Mediterranean

113 3141 134 3189 is
144 3156 203 3200 very
214 3140 375 3198 uuimportant
391 3139 518 3199 compared
529 3140 589 3187 with
605 3138 656 3187 that
672 3137 700 3185 cf
712 3138 752 3186 the
768 3153 830 3199 open
845 3152 930 3204 ocean..
959 3134 1022 3185 This

112 3199 160 3248 sact
172 3209 285 3248 accounts
296 3199 331 3246 for
340 3198 380 3246 the
392 3199 566 3247 astonishment
577 3198 625 3246 and
635 3197 709 3246 alarm
717 3197 745 3246 of
751 3197 793 3246 the
804 3195 985 3251 Macedonraus,
994 3210 1022 3244 so

113 3258 186 3306 vividi
212 3257 336 3307 described
348 3259 380 3326 by
393 3257 499 3307 Curtius.

144 3323 170 3348 ⁸⁴
203 3317 250 3364 han
267 3328 391 3365 mountain
407 3327 510 3365 torrenta
526 3316 584 3365 rush
600 3316 671 3375 along
686 3316 711 3363 in
725 3315 789 3363 their
798 3325 867 3372 steen
878 3312 995 3361 channels
1002 3312 1019 3358 ι’

115 3377 250 3430 fraenarunt,
263 3376 369 3436 hemely,
382 3378 409 3425 ia
418 3392 489 3425 arare.

142 3438 153 3465 ⁸
165 3430 235 3483 ‘The
243 3449 290 3484 oue
296 3445 368 3496 party
376 3434 474 3486 steered
484 3432 549 3486 their
556 3435 665 3499 abipstc
673 3427 877 3485 instaurantur
882 3423 1063 3485 wmbffi*
