2274 3772
500 228 592 270 arana
610 229 642 270 x.
962 215 1020 271 328

116 335 265 407 inperium.
300 338 378 392 Absit
394 336 473 391 modo
490 337 596 407 invidia,
609 337 726 408 excipiet
742 337 822 409 hujus
839 336 940 391 saeculi
952 345 1020 392 tem·

117 421 180 476 pora
200 405 321 474 ejusdem
340 407 436 460 domus
455 408 557 460 utinam
577 416 713 477 perpetua,
730 417 801 461 certa
820 407 944 460 diuturna
996 425 1020 461 s·

117 476 239 528 teritas.¹·
260 476 392 546 Ceterum,
414 484 443 529 ut
462 475 496 529 ad
515 475 642 545 ordinem,
662 493 679 529 a
697 493 750 546 quo
766 489 814 530 'me
834 484 958 547 contemp
967 477 1020 530 atio

116 543 239 614 publicae
251 544 385 598 felicitatis
396 553 533 614 averterat,
547 545 662 615 redeam,
676 545 803 599 Perdicca
819 546 926 599 unicam
943 562 1020 615 spem

116 613 208 667 scintis
220 631 283 667 suae
296 614 321 667 in
333 615 464 683 Meleagri
475 621 559 667 morte
571 613 735 684 deponebat:
753 630 852 668 vanum
864 615 980 669 eundem
992 624 1020 669 et

117 683 235 752 infidum,
254 682 426 753 celeriterque
445 699 488 736 res
507 691 671 752 novaturum,
690 693 717 736 et
736 684 786 738 sibi
805 685 921 737 maxime
940 684 1020 738 inses-

117 761 174 806 tum
197 752 381 822 occupandum
404 769 472 805 esse.
508 753 559 806 Sed
579 752 633 805 alta
651 753 859 807 dissimulatione
879 753 1020 819 consilium

115 821 261 891 premebat,
274 830 303 874 ut
314 822 472 892 opprimeret
484 822 630 876 incautum.
666 823 734 891 Ergo
752 823 823 876 clam
839 823 967 892 quosdam
985 838 1020 877 ex

115 891 207 960 copiis,
220 890 317 960 quibus
334 900 453 961 praeerat
480 891 640 960 subornavit,
658 901 695 960 ut,
714 892 790 962 quasi
807 892 935 960 ignoraret
953 893 1018 962 ipse,

115 969 336 1028 conquererentur
346 960 443 1030 palam,
455 930 623 1028 Meleagrum
640 971 783 1029 aequatum
795 977 854 1013 esso
867 961 1018 1014 Perdiccae.

115 1028 232 1087 Quomm
244 1046 365 1082 sermone
377 1030 515 1098 Meleager
525 1030 560 1082 ad
573 1047 601 1082 se
614 1030 704 1100 relato,
718 1029 808 1083 lureus
825 1031 863 1083 ira
874 1031 1019 1084 Perdiccae

115 1110 184 1166 quae
207 1099 378 1167 comperisset
401 1099 516 1168 exponit.
552 1099 608 1167 Ille,
632 1099 706 1152 velut
729 1115 797 1152 nova
819 1115 847 1169 re
872 1102 995 1153 exterritu

114 1166 246 1235 admirari,
260 1168 342 1237 queri,
355 1167 521 1237 dolentisque
539 1170 658 1238 speciem
676 1177 808 1221 ostentare
826 1169 966 1290 eicoepi13
984 1117 1019 1222 ad

114 1234 238 1288 ultimum
268 1237 398 1306 convenit,
425 1245 454 1290 ut
482 1237 767 1307 comprehenderentur
791 1248 848 1290 tam
878 1254 906 1290 se
927 1238 1019 1290 itiosae

114 1305 188 1357 vocis
210 1313 339 1358 auctores.
375 1306 438 1374 Agit
458 1305 596 1374 Meleager
618 1307 723 1376 gratias,
744 1306 937 1377 amplexusque
958 1307 1019 1359 Per·

113 1372 217 1427 diccam
234 1374 316 1428 fidem
332 1375 391 1454 ejus
408 1377 433 1429 in
450 1392 479 1428 se
498 1391 530 1428 ac
547 1375 754 1429 benivolentiam
773 1375 913 1429 collaudat.
948 1376 1019 1429 Tum

113 1445 249 1496 communi
283 1444 392 1498 consilio
427 1445 557 1497 rationem
591 1445 756 1514 opprimendi
790 1445 883 1498 noxios
915 1446 1025 1515 ineunt.

113 1511 204 1566 Placet
216 1515 362 1567 exercitum
375 1513 465 1594 patric.
476 1530 550 1568 more
566 1514 690 1568 lustrari.2
724 1514 759 1567 Et
776 1513 919 1584 probabilis
937 1530 1019 1567 causa

112 1580 251 1634 videbatur
273 1592 412 1652 praeterita
435 1583 571 1637 discordia.
608 1583 789 1638 Macedonum
812 1599 888 1652 reges
907 1583 944 1635 ita
966 1585 1018 1638 lus·

111 1657 180 1704 trare
193 1651 262 1704 soliti
275 1661 349 1707 eraut
360 1653 467 1721 milites,
481 1661 510 1706 ut
528 1653 655 1709 discissae
672 1654 747 1706 cautis
764 1653 866 1706 viscera
877 1651 972 1707 ultimo
990 1655 1018 1707 in

111 1735 213 1790 campo,
226 1720 253 1773 in
266 1738 348 1791 quem
359 1722 534 1775 deduceretur
546 1723 684 1791 exercitus,
697 1722 732 1775 ab
749 1731 860 1791 utraque
872 1721 1019 1790 abjicerent

111 1797 194 1910 plprte,
214 1790 281 1910 ilptlra
299 1790 325 1843 id
344 1791 458 1860 spatium
476 1792 571 1843 armati
588 1808 682 1845 omnes
699 1799 806 1859 starent,
825 1789 887 1843 hinc
906 1791 1017 1860 equites,

143 1874 185 1910 rnc
234 1875 321 1911 aanx.
652 1908 654 1911 .

146 1930 189 1978 29.
197 1875 300 1994 pItaque
313 1944 344 1979 eo
357 1927 408 1996 die,
421 1943 502 1996 quem
515 1926 577 1979 huic
589 1943 663 1980 sacro
680 1926 885 1993 destinaverant,
898 1944 944 1980 rex
956 1944 1018 1981 cum

111 1994 245 2064 equitibus
263 1994 462 2066 elephantisque
479 1996 631 2048 constiterat
650 2005 739 2048 contra
756 1995 878 2066 pedites,³
888 1996 948 2064 quis
959 1989 1019 2049 Me!

112 2063 203 2132 leager
214 2073 341 2132 praeerat.
377 2065 438 2118 Jam
451 2075 573 2133 equestre
591 2082 687 2133 agmen
699 2064 861 2132 movebatur,
874 2073 901 2117 ot
914 2064 1018 2134 pedites

112 2132 200 2186 subita
219 2132 358 2186 lonnidine
375 2133 409 2188 ob
427 2141 563 2187 recentem
576 2133 744 2204 discordiam,
757 2133 830 2187 haud
847 2149 911 2187 sane
929 2136 1018 2203 pacati

111 2201 255 2271 quicquam
274 2212 453 2272 expectantes,
466 2219 608 2273 parumper
618 2203 815 2274 addubitavere,
828 2205 873 2256 an*
885 2203 910 2255 in
923 2203 1018 2258 urbem

112 2270 290 2325 subducerent
316 2273 419 2342 copias:
445 2271 544 2342 quippe
569 2289 615 2343 pro
641 2272 777 2342 equitibus
801 2273 926 2343 planities
951 2281 1016 2326 erat.

112 2340 236 2393 Ceterum
253 2341 337 2411 veriti,
351 2359 385 2394 ne
405 2352 505 2395 temere
523 2343 734 2396 commilitonum
751 2343 832 2396 fidem
850 2341 1015 2411 damnarent,

112 2409 259 2479 substitere,
280 2411 441 2480 praeparatis
460 2411 494 2463 ad
515 2411 696 2464 dimicandum
715 2410 819 2480 animis,
840 2410 862 2463 si
881 2410 942 2479 quis
961 2411 1018 2464 vim

113 2477 228 2531 inferret.
264 2480 325 2533 Jam
336 2481 443 2548 agmina
457 2480 570 2549 coibant,
584 2496 748 2550 parvumque
766 2479 932 2532 intervallum
952 2487 1016 2549 erat,

131 2547 182 2600 uod
203 2547 289 2601 aciem
308 2558 448 2619 utramque
468 2549 607 2602 divideret.
642 2548 735 2618 Itaque
755 2565 801 2601 rex
820 2565 883 2601 cum
902 2565 956 2600 una
975 2547 1018 2601 ala

112 2632 128 2668 o
147 2617 265 2687 equitare
283 2617 416 2688 peditibus
433 2618 540 2689 coepit,⁶
557 2617 703 2671 discordiae
720 2625 849 2688 auctores,
866 2633 932 2688 quos
949 2616 1017 2672 tueri

112 2685 169 2754 ipse
193 2686 316 2757 debebat,
339 2686 463 2741 instinctu
482 2688 626 2742 Perdiccae
649 2688 682 2740 ad
704 2687 833 2757 supplicia
852 2686 1015 2756 deposcens:

112 2754 315 2825 minabaturque
327 2773 421 2810 omnes
437 2766 538 2811 turmas
555 2773 618 2810 cum
635 2755 784 2826 elephantis
800 2755 968 2811 inducturum
987 2772 1016 2810 se
1070 2814 1072 2818 f

144 2919 152 2944 ¹
165 2913 225 2962 ‘Let
237 2916 279 2962 but
290 2929 353 2974 envy
364 2916 394 2962 be
409 2914 446 2963 far
456 2930 533 2976 away,
546 2915 605 2963 then
619 2914 662 2963 the
677 2914 836 2963 descendants
852 2915 880 2963 of
891 2916 933 2965 the
949 2931 1016 2965 sama

115 2973 191 3023 house
202 2973 251 3029 (the
263 2973 337 3022 house
346 2973 374 3020 os
381 2972 422 3021 the
433 2973 448 3022 J
450 2973 500 3028 ulii)
508 2974 557 3022 will
566 2974 622 3022 take
631 2989 663 3034 up
671 2973 712 3021 the
721 2973 792 3022 times
799 2973 827 3022 ol
833 2975 882 3023 this
890 2985 990 3036 century
997 2975 1014 3033 ;’

114 3032 167 3083 that
177 3032 207 3087 is,
220 3032 277 3080 take
287 3047 320 3091 up
330 3031 377 3086 and
387 3033 499 3081 continue
510 3032 585 3101 them.
737 3090 742 3102 ι
762 3092 767 3102 ,

141 3097 153 3123 ²
164 3091 244 3139 ‘'I'hat
251 3090 298 3138 the
309 3106 377 3150 army
388 3090 476 3140 should
485 3094 516 3140 be
527 3091 627 3160 purified
635 3091 652 3147 ;’
670 3106 686 3140 a
700 3091 735 3141 rel
769 3107 814 3141 ous
824 3092 964 3152 solemnity,
976 3107 1016 3142 ac·

114 3150 259 3259 {mpmffl
271 3149 470 3257 ofeqqqrgqtbayrq
483 3165 587 3258 rquew3
604 3150 730 3199 whencea
749 3154 851 3201 astratio
866 3154 979 3201 caecitas
995 3152 1017 3201 is

113 3225 128 3259 o
149 3225 180 3258 en
193 3225 223 3257 no
253 3225 276 3256 rn
471 3226 496 3257 vr
512 3226 541 3259 w.

142 3267 203 3316 ιιΟ
221 3225 298 3328 positge
310 3277 335 3316 to
345 3267 386 3316 the
397 3267 518 3329 insanny!

141 3332 152 3356 ⁴
162 3331 169 3355 ⁴
178 3284 250 3387 'I'dey
261 3325 393 3376 meditated
403 3325 463 3396 forna
473 3326 546 3376 while
557 3326 667 3376 whether
675 3327 735 3388 they
744 3326 832 3377 should
842 3326 904 3383 not!
918 3327 968 3376 dcc.

143 3393 151 3418 ¹
163 3390 169 3412 ⁴
179 3385 218 3434 He
229 3386 286 3435 rode
296 3386 368 3448 along
378 3386 421 3436 the
431 3386 493 3437 huss
503 3385 531 3436 oi
541 3385 585 3437 the
594 3386 715 3448 iniuntryl
