2274 3772
505 177 595 217 crarta
615 175 641 216 v.
964 156 1020 215 tat

118 288 186 341 sstt¹
210 303 289 341 nemo
312 304 327 339 a
350 287 425 340 vobis
448 285 581 339 fastidium
604 284 791 353 Macedonum,
816 298 893 335 nemo
916 281 1020 336 vultum

119 357 263 427 superbum
275 357 342 410 serre
361 365 477 424 cogetur.
513 356 565 407 Sua
584 356 679 423 cuique
699 354 809 406 dextera
826 361 872 404 aut
890 351 1019 405 ultionem

118 435 155 479 tot
175 426 305 479 malorum
324 428 415 496 pariet,
436 433 481 477 aut
501 424 589 477 finem.
627 423 766 492 Equidem,
783 439 863 491 quam
881 421 1019 482 versabilis

118 495 220 549 furtum
233 498 273 566 sit,
286 496 474 548 documentum
496 495 553 563 ipse
572 511 641 545 sum.
676 494 734 546 Nec
752 493 884 545 immerito
900 490 1019 543 mitiores

117 565 192 618 vices
209 565 267 634 ejus
284 573 404 634 expecto.
440 563 490 615 Sed
507 565 528 614 si
547 563 617 633 justa
628 580 660 614 ac
671 563 715 630 pia
727 561 845 614 helladii
857 571 1017 630 aversantur,

118 633 228 686 fortibus
241 646 328 687 tamen
338 634 400 685 viris
412 632 503 685 licebit
515 631 624 684 honeste
637 633 709 683 mori.
741 632 790 683 Per
802 647 850 698 ago
863 646 910 681 vos
922 628 1018 682 decora

117 703 267 773 majorum,¹
284 704 329 772 qui
349 703 428 755 totius
445 703 556 755 Orientis
575 716 733 770 regnabam
754 698 918 752 memorabili
940 699 1017 751 laude

118 780 266 842 tenuerunt,
310 790 338 823 ar
364 772 420 823 illos
447 774 523 838 viros,
549 771 646 840 quihus
675 770 834 839 stipendium
858 768 1018 820 Macedonia

117 842 250 912 quondam
264 790 330 910 ruht,
344 858 391 910 per
409 849 445 892 tot
463 841 569 893 narium
591 840 691 892 classes
709 841 735 890 in
756 839 894 892 Graeciam
914 839 1016 907 missas,

117 927 164 980 par
188 920 224 963 tot
242 920 347 980 tropaea
365 926 457 978 regum
475 927 518 962 oro
536 919 563 961 et
582 909 703 977 obtestor,
724 917 752 960 ut
776 908 911 960 nobilitata
929 919 1018 960 vestra

116 981 256 1050 gentisque
285 979 378 1047 dignos
407 979 522 1046 spiritus³
548 979 665 1046 capiatis,
681 983 718 1030 'ut
748 978 841 1030 eadem
871 977 1018 1029 constantia

116 1049 272 1117 animorum,
300 1067 353 1118 qua
377 1052 519 1118 praeterita
543 1047 677 1117 tolerastis,
696 1047 869 1116 experiamini
891 1047 1016 1115 quicquid

116 1118 215 1172 deinde
232 1119 285 1170 sors
308 1119 404 1171 tulerit.
441 1119 488 1170 Me
514 1127 584 1169 certe
611 1116 639 1169 in
663 1126 820 1186 perpetuum
845 1124 891 1169 aut
909 1115 1017 1168 victoria

117 1188 223 1257 egregia
236 1187 389 1256 nobilitabit,
402 1197 447 1240 aut
460 1205 554 1256 pugna.

153 1261 195 1309 26.
214 1257 288 1308 Haec
306 1256 410 1309 dicente
434 1258 524 1324 Dareo,
544 1255 690 1326 praesentis
712 1255 819 1324 periculi
838 1254 942 1323 species
961 1269 1016 1306 orn·

116 1325 191 1379 nium
209 1327 287 1379 simul
305 1327 386 1379 corda
400 1328 553 1396 animosque
569 1325 670 1377 horrore
688 1326 893 1394 perstrinxerat,¹
905 1340 954 1376 nec
970 1331 1016 1376 aut

116 1395 258 1448 consilium
280 1396 444 1464 suppetebat,
464 1404 509 1447 aut
534 1412 599 1447 vox:
624 1411 684 1446 cum
706 1395 854 1447 Artabazus
872 1393 1016 1446 vetustissi-

116 1466 188 1518 mus⁵
204 1465 356 1534 amicorum,
369 1482 449 1534 quarn
467 1464 598 1533 hospitem
617 1463 698 1515 luisse
716 1463 829 1532 Philippi
850 1480 930 1531 saepe
950 1463 1016 1515 dixi·

117 1551 185 1602 mus,
199 1535 254 1586 Nos
265 1534 346 1604 vero,¹
358 1535 448 1603 inquit,
462 1533 677 1602 pretiosissimam
695 1543 798 1584 vestem
816 1533 909 1584 induti⁷
925 1533 1016 1585 armis·

115 1619 169 1672 quc
192 1613 288 1672 quanto
313 1604 427 1656 maximo
457 1604 527 1656 cultu
558 1618 697 1673 possumus
724 1603 849 1672 adornati,
875 1619 965 1670 regem
988 1602 1016 1655 in

115 1673 203 1725 aciem
221 1689 370 1742 sequemur,
384 1690 417 1725 ca
435 1672 540 1742 quidem
562 1683 658 1741 mente,
673 1680 700 1724 ut
713 1673 848 1726 victoriam
869 1689 1014 1741 speremus,

116 1752 229 1795 mortem
258 1759 309 1794 non
340 1758 502 1795 recusemus.
539 1745 657 1794 Assensu
684 1758 813 1810 excepere
839 1743 919 1795 ceteri
947 1742 1016 1794 hano

115 1826 219 1864 vocem.
255 1811 306 1864 Sed
325 1811 503 1877 Nabarzanes,
523 1811 567 1879 qui
592 1811 617 1862 in
639 1810 732 1863 eodem
752 1811 861 1863 consilio
879 1821 934 1863 erat
953 1827 1015 1864 cum

115 1878 205 1949 Besso,
224 1880 335 1933 inauditi
353 1889 432 1932 antea
451 1880 574 1932 facinoris
593 1880 718 1931 societate
739 1880 809 1947 inita,
829 1897 920 1947 regem
938 1897 1016 1933 suurn

114 1966 163 2019 per
183 1949 286 2018 milites,
300 1949 396 2018 quibua
413 1949 492 2001 ambo
510 1958 653 2016 praeerant,
672 1948 895 2017 comprehendere
915 1958 941 2001 et
959 1948 1016 2001 rin·

115 2017 168 2071 cire
181 2018 371 2086 decreverant,⁸
383 2035 415 2070 ea
428 2026 524 2085 mente,
538 2026 573 2086 ut,
587 2018 609 2068 si
625 2017 776 2070 Alexander
794 2018 864 2095 ipsos
882 2018 1016 2077 insecutus

114 2086 189 2158 soret,
203 2087 296 2141 tradito
318 2105 377 2157 rege
400 2087 457 2138 vivo
477 2086 571 2139 inirent
589 2087 702 2154 gratiam
720 2088 832 2154 victoris,
853 2087 940 2155 magni
959 2102 1015 2156 pro·

96 2288 100 2292 ¹
118 2187 243 2268 ¹¹‘l'heir
253 2237 325 2326 evezry
335 2237 380 2269 one
391 2221 435 2269 has
447 2221 532 2282 gained
543 2211 671 2269 freedornr'
684 2224 747 2270 cirili
756 2240 804 2271 coa
812 2222 833 2270 is
841 2223 978 2282 equivalent
990 2232 1015 2271 to

115 2295 215 2385 wlv'ifhc
226 2280 386 2386 {sristrbblidh
397 2281 486 2407 {722⁰
501 2357 540 2388 cos
553 2358 596 2402 per
611 2343 690 2390 decora
700 2342 830 2400 majorum.
844 2376 849 2387 .
862 2375 868 2387 .
881 2376 886 2387 .
898 2357 937 2388 cro
946 2349 967 2388 et
977 2343 1013 2389 cb·

114 2395 619 2514 ‘ff'iliiliilidilglliffllilim?
633 2399 782 2505 „pezffip
796 2398 872 2504 lli*
885 2457 945 2505 nn
972 2472 1014 2506 „a

118 2491 511 2582 uram.tra,andziimpt‚t'92.
555 2473 607 2518 ag·
687 2473 703 2517 g
771 2473 815 2582 g·
869 2471 884 2515 p
948 2492 984 2584 ⁹·

143 2577 152 2600 ¹
162 2579 168 2599 ¹
178 2573 237 2642 The,
243 2572 296 2620 rdaa
304 2572 331 2620 of
344 2572 383 2641 the
393 2583 489 2631 present
501 2574 590 2634 danger
601 2573 646 2623 had
654 2573 720 2621 filled
731 2572 772 2642 tha
783 2573 862 2643 minda
872 2573 900 2621 ct'
911 2573 943 2622 all
953 2573 1013 2624 with

112 2630 212 2700 alarm3¹
230 2641 249 2679 rt
265 2631 312 2680 bad
324 2631 443 2691 ‘stnpped
458 2631 496 2680 off
500 2633 506 2654 ¹
519 2647 592 2700 every
602 2633 671 2680 other
689 2631 785 2690 t'eehng,
794 2645 845 2692 Just
864 2648 891 2680 as
909 2648 924 2680 a
941 2633 1013 2694 sharp

113 2688 179 2738 hurso
190 2706 248 2752 goes
259 2706 316 2738 over
326 2707 340 2738 a
350 2700 408 2745 tres,
421 2691 468 2739 and
478 2691 553 2739 clears
565 2703 582 2738 rt
593 2691 621 2738 of
633 2691 665 2739 all
676 2691 826 2750 superfluous
837 2692 938 2751 boughs.

143 2750 204 2797 ¹Sea
218 2750 296 2798 Grani.
308 2749 322 2801 b
333 2753 370 2805 97,
384 2760 439 2797 note
452 2755 470 2797 1.
507 2749 579 2798 Vetus
590 2753 678 2799 amicus
689 2749 762 2798 refers
773 2760 814 2796 not
826 2760 850 2797 to
866 2751 908 2798 tha
923 2766 967 2812 aga
983 2751 1011 2801 os

113 2807 154 2856 the
166 2824 229 2865 man,
240 2811 283 2857 but
294 2819 319 2856 to
330 2809 370 2856 tha
382 2809 464 2876 length
475 2809 502 2856 of
509 2809 546 2856 his
555 2810 723 2868 acquaintance
731 2808 790 2878 raith
803 2808 842 2856 the
853 2810 928 2859 other.
956 2811 1011 2860 The

112 2865 159 2915 fact
175 2867 203 2936 cf
215 2868 352 2916 Artabazus
367 2867 455 2936 hartng
465 2870 527 2915 been
538 2872 640 2929 alorpea
651 2867 679 2915 os
691 2868 779 2927 Philip,
793 2877 857 2915 must
872 2869 933 2917 hara
950 2872 1012 2918 bean

110 2925 404 3034 ppppgpppppiplyvfpptrus
415 2942 438 2974 rn
449 2926 491 2974 the
502 2926 553 2974 first
564 2941 591 2974 or
601 2927 690 2975 second
700 2927 772 2976 hook.
805 2927 843 2975 Ha
858 2939 953 2988 repeats
969 2930 1010 2978 the

110 3110 120 3149 t
136 3049 153 3150 ἑ
161 3043 221 3092 Vero
233 3044 260 3151 tib
272 3037 486 3150 ireqpentlytnseplh
492 3044 656 3150 tocbiibllOd'uoe
667 3044 787 3152 asrpplyid
797 3044 862 3126 Here
873 3045 1011 3154 Artahbazup

110 3116 206 3247 ³:325?
232 3118 700 3230 ,illliliililiihicillldi.
733 3119 746 3152 ⁰
788 3119 925 3166 ΨΜ
945 3119 994 3161 ’⁸¹¹

137 3219 498 3349 ‘ffbbtblllrirbirbsatrrbcdbbbnsoete
506 3220 712 3349 aGgibbl'wbtbwthrla
723 3279 887 3343 grammaticsl
903 3279 1007 3346 subject,

112 3335 274 3396 Nabarzanes·
292 3340 335 3387 but
345 3339 406 3388 from
417 3338 457 3386 the
468 3347 628 3387 interventron
643 3338 672 3388 os
682 3339 723 3389 tha
738 3348 868 3404 statement
883 3337 1010 3401 ragardiug

108 3393 210 3456 Bassus,
222 3397 317 3448 amicir
327 3397 457 3449 conceivsd
467 3413 494 3448 es
504 3397 546 3447 the
555 3398 661 3460 subject.
