2274 3772
153 46 190 101 58
419 62 458 102 oa
481 61 587 102 aasms
608 63 793 104 aanxsnuar.

152 177 281 240 quantum
304 186 400 240 capere
423 178 551 240 poteraut,
575 170 710 226 distarent.
752 173 807 225 Hoc
830 173 959 243 puppium
983 174 1067 228 inter·

143 238 252 291 'vallum
269 240 392 292 antennis
409 240 594 309 asseribusque
610 241 706 294 validis
723 241 851 311 deligatis,
866 259 998 312 superque
1016 260 1068 298 eos

152 308 274 388 pontibus
296 309 391 378 stratis,
412 309 457 378 qui
480 309 593 363 militem
616 311 782 380 sustinerent,
807 312 998 381 impleverant:
1024 315 1068 367 sic

152 385 294 431 instructas
319 377 500 447 quadriremes
525 379 558 431 ad
585 379 679 432 urbem
704 381 835 448 agebant:
865 380 925 433 inde
951 382 1067 436 missilia

151 447 179 499 in
200 459 393 518 propugnantes
417 447 601 516 ingerebantur
620 458 683 518 tuto,
704 449 767 519 quia
788 451 969 519 prorisrmiles
990 462 1067 520 tege-

152 515 237 569 batur.
273 516 368 570 Media
385 534 437 571 uox
454 526 518 587 erat,
531 535 595 571 curn
607 518 729 587 classem,
741 519 819 572 sicuti
838 519 940 573 dictum
957 530 1000 573 est
1017 538 1065 590 pa-

152 595 244 653 ratam,
266 586 405 640 circumire
425 602 515 639 muros
536 586 627 656 jubet,
638 587 746 657 jamque
766 605 849 641 naves
868 589 924 642 urbi
946 591 1066 659 undique

151 655 369 726 admovebantur,
389 663 415 708 et
433 657 456 709 T
477 656 506 715 rii
518 656 699 726 desperatione
719 658 881 727 torpebant:¹
902 676 962 711 curn
975 659 1065 713 subito

152 724 254 795 spissae
272 725 357 779 nubes
374 673 521 778 intendere²
539 742 568 777 se
586 726 670 795 coelo,
686 735 713 778 et
731 727 856 796 quicquid
874 727 940 780 lucis
957 728 1065 782 interni-

152 795 225 847 tebat
237 794 324 848 effusa
336 794 447 863 caligine
460 795 607 848 extinctum
619 804 668 848 est.
704 797 775 849 Tum
785 796 977 849 inhorrescens³
988 815 1065 851 mare

152 863 278 934 paulatim
304 864 394 928 levari,
418 863 523 934 deinde,
547 864 647 918 acriore
670 874 758 934 vento¹
773 867 940 934 concitatum,
964 867 1066 922 fluctus

151 933 231 1002 ciere,
245 944 272 986 et
284 934 351 986 inter
363 950 392 986 se
404 934 510 1002 navigia
521 933 657 987 collidere.
693 936 805 1004 Jamque
818 935 903 988 scindi
919 947 1065 1005 coeperunt

152 1002 267 1072 vincula,
286 1003 383 1072 quibus
400 1020 535 1056 connexae
553 1003 734 1072 quadriremes
752 1015 833 1073 erant,
847 1022 922 1061 mere
936 1005 1064 1076 tabulata,

153 1080 180 1125 et
197 1089 259 1126 curn
276 1073 375 1142 ingenti
394 1073 495 1140 fragore
514 1073 539 1125 in
558 1072 717 1142 profundum
733 1091 825 1127 secum
838 1074 935 1127 milites
947 1075 1063 1128 trahere.

152 1142 248 1212 Neque
263 1144 335 1196 enirn
350 1151 470 1196 conserta
490 1141 594 1210 navigia
613 1142 666 1194 ulla
684 1160 733 1212 ope
752 1144 777 1196 in
798 1143 911 1199 turbido⁴
923 1145 976 1212 regi
990 1153 1063 1214 pote·

152 1221 224 1264 rant:
246 1213 326 1267 miles
344 1212 490 1266 ministeria
509 1221 656 1280 nautarum,
678 1229 768 1266 remex
789 1213 881 1266 militis
901 1213 990 1265 officia
1007 1223 1064 1267 tur·

151 1280 247 1351 babat3
265 1290 299 1350 et,
312 1280 382 1351 quod
401 1282 427 1333 in
446 1280 577 1350 ejusmodi
590 1298 654 1334 casu
665 1283 771 1346 accidit,
785 1283 860 1351 periti
878 1282 975 1350 ignaris
987 1300 1063 1352 pare·

152 1350 229 1403 baut:
248 1353 347 1420 quippe
365 1350 562 1419 gubernatores,
580 1350 647 1403 alias
664 1351 796 1420 imperare
815 1352 890 1420 soliti,
912 1361 968 1404 tum
987 1362 1063 1407 metu

150 1420 244 1472 mortis
259 1419 333 1489 jussa
345 1412 552 1488 exequebantui.
588 1419 709 1482 Tandem
722 1421 803 1474 remis
816 1421 975 1490 pertinacius
988 1426 1064 1474 evei·

151 1489 285 1541 beratum⁶
307 1505 381 1542 mare
404 1488 486 1541 veluti
510 1489 681 1558 eripientibus
704 1491 811 1559 navigia
834 1491 952 1543 classicis
973 1493 1062 1562 cessit,

150 1559 314 1628 appulsaque
327 1567 388 1612 sunt
400 1559 475 1628 litori,
488 1558 603 1612 lacerata
615 1559 748 1629 pleraque.

190 1633 229 1680 15.
250 1628 348 1681 Iisdem
369 1628 435 1680 forte
454 1628 549 1682 diebus
572 1628 826 1697 Carthaginiensium
852 1629 931 1703 legati
956 1630 1065 1698 triginta

150 1699 347 1769 superveniunt,
377 1698 464 1766 magis
496 1699 612 1752 obsessis
642 1699 773 1773 solatium,
806 1716 887 1767 quam
915 1700 1063 1767 auxilium3

150 1769 250 1838 quippe
272 1768 417 1823 domestico
442 1767 510 1820 bello
533 1769 635 1821 Poenos
658 1768 790 1839 impediri,
811 1784 861 1820 nec
884 1768 918 1820 de
942 1769 1061 1838 imperio,

151 1839 198 1892 sed
217 1854 262 1907 pro
282 1839 368 1891 salute
385 1837 520 1906 dimicare,
540 1838 703 1892 nuntiabant.
741 1838 897 1908 Syracusani
917 1848 973 1891 turn
992 1839 1063 1892 Afri·

151 1924 212 1960 cam
233 1908 351 1978 urebant,
372 1916 399 1960 et
419 1907 489 1960 haud
511 1907 601 1976 procul
624 1907 789 1976 Carthaginis
810 1909 893 1960 muris
910 1907 1063 1962 locaverant

151 1977 257 2029 eastra.⁸
291 1979 352 2030 Non
372 1986 461 2030 tamen
482 1977 606 2030 defecere
625 1978 723 2030 animis
746 1977 829 2046 Tyrii,v
846 1994 1009 2046 quamquam
1027 1979 1064 2032 ab

151 2046 253 2114 ingenti
272 2049 331 2115 spe⁷
347 2045 466 2098 destituti
483 2057 574 2114 erant3
598 2047 645 2098 sed
669 2047 796 2126 conjuges
814 2045 963 2116 liberosque
981 2046 1062 2100 deve-

151 2115 253 2168 hendos
273 2115 457 2184 Carthaginem
479 2115 649 2185 tradidemnt,
670 2115 762 2168 fortius
782 2116 906 2185 quicquid
927 2116 1063 2170 accideret

151 2185 236 2254 laturi,
262 2185 286 2239 si
309 2185 473 2238 carissimam
500 2184 539 2237 sili
565 2194 669 2254 partem
693 2187 767 2238 extra
791 2194 887 2238 sortem
912 2187 1063 2239 communis

150 2254 262 2327 periculi
280 2255 443 2308 habuissent.
480 2254 600 2324 Cumque
613 2271 682 2307 unus
694 2271 709 2307 e
722 2255 825 2308 civibus
842 2254 866 2306 in
886 2250 1010 2307 contione
1024 2256 1062 2308 in-

150 2326 275 2396 dicasset,
294 2325 411 2379 oblatam
429 2341 489 2377 esse
507 2340 554 2394 por
572 2341 694 2378 somnum
716 2324 765 2378 eibi
786 2324 904 2393 speciem
925 2327 948 2376 A
984 2324 1062 2395 llinis,

150 2413 232 2466 quem
246 2397 344 2450 eximia
357 2395 482 2464 religione
494 2394 620 2463 colerent,
631 2394 725 2447 urbem
740 2393 895 2463 deserentis,
909 2411 952 2447 mo
964 2410 1064 2464 ernque

150 2483 166 2518 a
178 2465 374 2519 Macedonibus
391 2466 416 2517 in
435 2465 489 2518 salo
506 2463 606 2534 jactam
618 2463 645 2517 in
658 2463 807 2530 silvestrem
821 2463 917 2516 saltum
931 2464 1064 2517 essemu-

151 2544 248 2588 tatam:
276 2552 440 2605 quamquam
463 2542 554 2587 auctor
576 2533 645 2586 levis
669 2542 732 2602 erat,
751 2541 847 2585 tamen
870 2532 905 2584 ad
931 2531 1065 2587 deteriora

180 2677 187 2699 ¹
198 2671 275 2718 Tlieir
285 2669 356 2718 blood
367 2670 431 2718 freae
442 2670 467 2717 in
477 2669 541 2716 their
550 2668 634 2725 veius;
651 2667 714 2716 their
724 2683 809 2716 aenaea
819 2682 884 2715 were
895 2667 1044 2716 benumbed.

177 2730 261 2778 'Thia
272 2730 293 2777 is
303 2729 345 2777 the
356 2729 446 2789 perfect
457 2727 595 2783 indicative,
607 2737 648 2775 not
660 2728 701 2775 the
711 2725 836 2795 infinitiye.
864 2785 868 2795 Ι

179 2793 188 2818 ³
198 2789 304 2836 Horrore
313 2788 335 2836 is
345 2788 405 2836 used
420 2787 532 2847 properly
542 2787 570 2835 of
582 2803 596 2833 a
606 2786 699 2834 surface
711 2785 790 2845 which
802 2802 822 2834 rs
833 2783 943 2841 bnstled,
956 2783 1066 2853 studded

150 2847 210 2897 with
224 2848 315 2907 spilres.
347 2847 418 2896 Thus
434 2847 475 2894 the
491 2862 533 2894 ses
548 2860 604 2905 may
616 2847 646 2894 be
657 2845 709 2893 said
720 2847 883 2901 inhorrescere,
897 2845 969 2913 yheq
984 2854 1003 2892 it
1020 2845 1065 2911 be-

150 2922 232 2978 comes
244 2922 323 2966 wavy,
337 2906 405 2954 bristi
433 2905 492 2953 with
509 2905 612 2973 billovas.
637 2905 683 2972 ,As
694 2915 720 2974 tq
730 2907 813 2961 leuari,
826 2903 868 2951 the
879 2903 1012 2959 histoncal,
1025 2919 1065 2962 or,

149 2979 206 3055 capt
217 2966 292 3073 oughlq
304 2976 329 3013 to
340 2967 370 3013 be
381 2922 624 3046 cailed‚,descrrpt1ve
635 2963 761 3021 rufiurtrve,
775 2979 817 3011 aee
828 2963 909 3011 (ἔναντι.
921 2962 997 3014 l390.

145 3102 147 3109 ⁴
179 3094 188 3119 ¹
200 3027 307 3134 ‘ifdlaieii
318 3035 493 3139 qtppvrqynqegd„
506 3084 539 3142 by
550 3082 591 3130 the
602 3081 685 3151 stroke
696 3081 724 3129 of
735 3081 777 3129 the
788 3096 850 3130 oars.

178 3153 187 3177 ⁸
200 3146 253 3194 Our
263 3121 350 3192 author
360 3158 440 3191 seems
452 3142 509 3190 here
525 3151 550 3190 to
565 3143 596 3190 bs
612 3156 636 3189 rn
652 3156 731 3199 errcr;
749 3141 793 3198 for,
806 3140 879 3188 sofar
890 3155 917 3189 aa
928 3154 965 3186 we
977 3139 1066 3199 know,

150 3205 192 3255 the
209 3206 359 3265 Syracusana
374 3202 431 3261 only
446 3216 506 3249 once
522 3200 638 3282 besieged
654 3200 784 3260 Carthage,
798 3199 846 3248 und
860 3198 912 3246 that
923 3213 976 3246 was
986 3199 1069 3251 under

150 3260 559 3373 Afafbbcidbidibiadibxbndbrrd
568 3259 688 3368 iiiiiion.
720 3317 840 3378 Compare
851 3316 901 3366 viii.
912 3318 950 3366 23.
