2274 3772
140 105 196 161 148
401 120 440 159 nn
464 119 570 160 onsrrs
591 120 777 161 snaxsnnar.

137 245 238 298 dumus,
262 228 314 282 duo
339 227 431 281 itinera
454 228 527 281 velut
549 227 707 298 dispensatis
729 229 815 298 aquis¹
837 229 931 298 aperit.
975 228 1041 282 Inde

137 299 256 367 torrens,²
267 307 293 350 et
313 314 443 362 saxorum,
456 315 502 366 per
520 314 588 364 quae
609 297 722 365 incurrit,
736 299 876 366 asperitate
893 298 1037 368 violentior,

138 379 234 420 terram
255 384 382 436 praeceps
401 367 477 419 subit.
522 366 571 418 Per
591 367 653 419 000
672 367 755 418 stadia
778 366 910 420 conditus³
928 367 1040 421 labitur:

137 452 278 504 rursusque
302 435 375 488 velut
395 452 428 488 ex
450 435 501 486 alio
525 434 596 487 fonte
617 444 761 504 conceptus
781 437 874 506 editur,
895 447 922 488 et
943 453 1042 491 novum

137 502 243 557 alveum
272 504 403 573 intendit‚⁴
428 504 511 574 priore
538 506 577 556 sui
601 518 675 573 parte
699 505 842 573 spatiosior.
886 505 991 575 Quippe
1015 507 1042 559 in

137 573 305 626 latitudinem
316 574 410 626 decern
431 582 457 625 et
476 574 554 625 trium
567 573 710 626 stadiorum
723 572 885 642 diffunditur,
900 592 1041 644 rursusque

136 643 331 711 angustioribus
350 643 479 695 coercitus
499 643 561 710 ripis
581 643 630 694 iter
650 643 734 710 cogit;
754 643 860 697 tandem
882 645 907 696 in
928 645 1041 698 alterurn

136 728 244 764 amnem
267 712 347 764 cadit.
390 710 507 779 Ridagno
531 728 627 763 nomen
652 721 700 763 est.
736 712 840 764 incolae
864 713 1040 783 affirmabant,

136 781 287 850 quicunque
299 780 408 833 demissi
420 789 508 833 essent
521 779 549 832 in
561 796 709 849 cavernam,
720 798 788 850 quae
798 785 900 851 propior
912 791 952 835 est
966 783 1040 853 lonti,

136 866 226 903 rursus
238 851 283 903 ubi
303 850 374 903 aliud
394 866 423 902 os
442 849 528 902 amuis
547 850 669 918 aperitur,
683 851 816 903 existeret
853 853 944 920 ltaque
957 852 1039 906 Alex·

136 918 219 971 ander
238 919 323 987 duos,⁶
340 935 393 988 qua
411 918 525 972 subeunt
544 935 629 986 aquae
650 928 754 988 terram,
774 921 939 989 praecipitari
957 921 1039 991 jubet,

136 1004 245 1057 quorum
270 1004 384 1058 corpora,
409 988 454 1041 ubi
482 1004 570 1041 rursus
594 989 715 1058 erumpit,
740 989 850 1058 expulsa
874 990 971 1061 videre,
996 992 1042 1060 qui

136 1057 209 1110 missi
223 1069 304 1125 erant,
318 1067 345 1109 ut
357 1058 517 1126 exciperent.
776 1103 778 1108 .

174 1133 212 1181 ll.
232 1127 358 1186 Quartum
370 1126 426 1195 jarn
438 1126 511 1179 diem
527 1126 621 1179 eodem
635 1125 691 1178 loco
703 1126 822 1195 quietam
833 1128 910 1180 militi
922 1129 1039 1199 dederat,

136 1212 197 1249 curn
211 1196 310 1249 litteras
320 1195 491 1263 Nabarzanis,
501 1196 547 1264 qui
560 1197 674 1248 Dareum
687 1212 748 1248 cum
762 1196 842 1249 Besso
857 1197 1039 1268 interceperat,

135 1266 239 1334 accipit,
264 1282 372 1335 quarum
398 1265 527 1317 sententia
545 1264 612 1327 haec
624 1273 696 1317 erat:
721 1282 751 1320 se
774 1267 859 1321 Dareo
883 1284 933 1319 non
958 1269 1041 1321 luisse

136 1333 281 1402 inimicum,
295 1335 376 1387 imruo
389 1334 480 1386 etiarn⁷
492 1342 563 1402 quae'
578 1332 735 1386 credidisset
755 1335 831 1388 utilia
843 1352 903 1389 esse
916 1339 1039 1407 suasisse,

136 1411 163 1456 et
175 1405 237 1472 quia
250 1404 328 1456 fidele
340 1403 478 1456 consilium
492 1404 546 1470 regi
564 1402 689 1482 dedisset,
703 1419 783 1472 prope
803 1405 922 1457 occisum
941 1406 976 1457 ab
996 1422 1037 1458 eo.

135 1473 260 1540 Agitasse
279 1473 403 1540 Dareum,
418 1471 567 1524 custodiam
587 1488 701 1540 corporis
720 1473 760 1525 sui
778 1483 866 1527 contra
884 1472 927 1540 jus
947 1474 1040 1543 fasque

135 1542 273 1610 peregrino
297 1540 373 1593 militi
396 1540 507 1610 tradere,
532 1539 659 1593 damnata
684 1541 850 1609 popularium
872 1542 933 1610 fide,
959 1561 1040 1612 quam

135 1626 182 1679 per
194 1611 321 1662 ducentos
333 1619 359 1662 et
372 1610 475 1678 triginta
494 1611 587 1661 ann0s⁸
598 1609 751 1662 inviolatam
774 1612 879 1680 regibus
900 1611 956 1664 suis
976 1629 1040 1681 prae

136 1679 270 1732 stitissent.
306 1678 339 1746 Se
363 1679 388 1731 in
410 1678 547 1748 praecipiti
565 1687 592 1732 et
611 1679 709 1731 lubrico
729 1689 844 1733 stantem
864 1680 1004 1734 consilium
1024 1699 1040 1735 a

135 1749 266 1818 praesenti
279 1749 437 1800 necessitate
454 1748 591 1816 repetisse.
627 1749 744 1800 Dareum
764 1766 877 1819 quoque,
890 1767 953 1802 curn
972 1751 1040 1804 occi-

135 1817 217 1871 disset
230 1818 343 1886 Bagoan,
356 1817 406 1871 hae
419 1817 589 1870 excusatione
606 1817 765 1871 satisfecisse
778 1818 955 1888 popularibus,
969 1821 1040 1890 quod

135 1886 304 1941 insidiantem
316 1887 366 1940 sibi
379 1887 564 1940 interemisset.
602 1886 674 1939 Nihil
689 1904 749 1939 esse
762 1888 866 1940 miseris
886 1890 1041 1943 mortalibus

136 1957 226 2025 spiritu
238 1957 332 2008 carius.
368 1959 466 2009 Amore
478 1955 581 2026 ejusad
599 1955 693 2008 ultima
712 1973 772 2008 esse
793 1957 953 2024 propulsum.
990 1959 1040 2012 Sed

135 2043 168 2077 ea
181 2026 266 2092 rnagis
277 2043 336 2077 esse
348 2026 489 2090 secutum,⁹
501 2042 583 2093 quam
595 2034 710 2093 optasse.
746 2027 775 2078 ln
787 2027 920 2078 communi
934 2027 1041 2081 calami·

136 2103 189 2146 tate
203 2111 277 2146 suam
291 2111 426 2162 quemque
438 2093 536 2145 habere
550 2093 689 2146 fortunam.
726 2094 751 2146 Si
770 2095 860 2147 venire
882 2113 911 2147 se
929 2095 1039 2166 juberet,

136 2162 192 2216 sine
216 2172 289 2215 metu
314 2179 372 2214 esse
396 2171 544 2214 venturum.
580 2164 638 2215 Non
663 2164 764 2232 timere,
786 2181 819 2216 ne
843 2164 924 2217 tidem
948 2166 1039 2220 datam

163 2305 171 2328 ¹
182 2299 327 2361 Dispensore
337 2297 431 2356 implies
439 2298 489 2357 just
501 2312 527 2344 or
537 2297 608 2357 equal
619 2296 789 2346 distribution(

162 2368 173 2394 ²
186 2364 282 2411 Torrere
292 2378 374 2411 means
388 2368 427 2409 ‘to
438 2362 509 2408 roast'
522 2375 548 2409 cr
561 2361 666 2420 ‘parch‚'
688 2369 728 2410 ‘to
744 2365 773 2410 be
790 2362 893 2412 heated.’
929 2365 1039 2422 Terrena,

134 2423 213 2471 which
225 2424 281 2484 (just
294 2439 320 2470 as
331 2425 414 2470 uehens
425 2421 445 2468 is
456 2421 595 2468 sometimes
606 2421 665 2469 used
676 2438 702 2469 as
715 2423 754 2469 the
766 2422 888 2482 participle
899 2435 996 2482 present
1007 2424 1036 2473 ol

134 2486 220 2537 nederc,
237 2482 377 2529 sometimes
393 2479 420 2527 os
431 2481 488 2533 vetit
505 2495 560 2540 may
576 2481 605 2527 be
622 2481 663 2528 the
679 2481 801 2549 participle
818 2481 845 2528 of
857 2485 948 2536 torreri,
962 2483 983 2531 is
999 2483 1040 2531 the

135 2541 246 2601 standing
262 2553 322 2588 term
338 2540 373 2587 for
389 2556 403 2586 a
418 2539 492 2598 rupid,
510 2540 647 2598 impetuous
663 2550 787 2587 mountain
803 2551 900 2588 stream.
932 2541 980 2589 We
996 2558 1040 2590 use

137 2601 248 2646 ‘torrent'
263 2601 286 2646 in
298 2599 337 2646 the
349 2614 414 2646 same
425 2613 503 2645 sense.

163 2666 172 2689 ³
182 2661 364 2723 Underground.

163 2732 172 2754 ⁴
183 2726 197 2773 J
201 2737 239 2773 nst
250 2744 275 2774 as
287 2730 339 2781 iter,
352 2730 414 2776 aiom
424 2729 552 2784 intendere,
564 2743 592 2775 so
607 2727 658 2775 aleo
674 2731 765 2776 clvettm
775 2730 903 2785 intendere,
919 2733 958 2777 ‘to
968 2730 1041 2790 begin

134 2800 148 2832 a
158 2800 212 2832 new
224 2785 341 2833 channel?

165 2856 174 2879 ⁸
185 2850 346 2908 ‘Appeared'
363 2856 443 2896 ‘carne
456 2859 480 2896 to
491 2848 568 2909 light!

161 2921 171 2946 ⁶
184 2914 224 2962 No
235 2915 309 2962 doubt
319 2913 449 2968 criminals,
462 2929 518 2961 men
530 2914 584 2961 who
595 2914 642 2961 had
653 2915 714 2962 been
725 2915 873 2964 condemned
885 2925 909 2963 tc
920 2916 999 2964 death.

164 2984 172 3007 ἵ
185 2986 191 3006 ‘
201 2978 266 3039 Nay,
276 2978 326 3025 that
333 2994 364 3025 on
371 2977 411 3024 the
419 2988 528 3037 contrary
535 2978 565 3024 he
574 2978 620 3025 had
628 2994 689 3026 even
695 2979 794 3027 advised
800 2980 867 3028 him)
886 2980 932 3027 See
940 2981 1039 3041 Zumpt,

134 3037 148 3091 l
159 3042 221 3145 37?st
229 3096 330 3144 recltons
339 3095 399 3142 srcm
408 3095 448 3142 the
458 3095 515 3142 time
522 3095 632 3154 olerus
640 3096 680 3143 the
689 3096 772 3152 Great‚
783 3097 838 3145 who
845 3100 922 3157 began
930 3099 1038 3160 toreigm

134 3157 261 3216 according
272 3167 296 3203 to
307 3155 347 3202 the
359 3162 422 3202 most
434 3163 543 3201 accurate
554 3154 717 3211 calculations,
731 3156 755 3202 in
765 3157 806 3203 the
818 3172 876 3216 year
885 3160 930 3204 560
941 3173 964 3205 s.
973 3172 994 3205 c.

163 3227 265 3274 '‘That
282 3224 312 3272 he
328 3222 374 3271 had
386 3221 466 3273 rather
476 3223 537 3270 been
553 3222 632 3270 forced
643 3233 668 3271 to
678 3225 709 3272 do
724 3225 793 3273 these
809 3225 909 3286 things‚’
925 3226 992 3274 ‘that
1008 3225 1040 3276 he

134 3283 181 3332 had
192 3285 261 3333 acted
272 3300 298 3332 as
309 3284 339 3330 he
351 3281 396 3329 had
408 3281 468 3328 done
480 3280 540 3328 lrom
551 3282 673 3342 necessity
681 3283 761 3331 rather
768 3283 825 3331 than
831 3285 931 3334 choica!
964 3286 1002 3333 As
1013 3295 1040 3334 to

134 3345 201 3403 sepia
211 3344 271 3392 used
282 3359 308 3392 as
320 3341 414 3403 passive
425 3343 557 3396 tetradem,
570 3356 680 3400 compare
691 3358 714 3391 v.
727 3346 764 3400 1⁵,
775 3345 807 3391 ad
818 3345 872 3393 init.
