<?xml version="1.0" encoding="UTF-8"?>
<!DOCTYPE html PUBLIC "-//W3C//DTD XHTML 1.0 Transitional//EN"
    "http://www.w3.org/TR/xhtml1/DTD/xhtml1-transitional.dtd">
<html xmlns="http://www.w3.org/1999/xhtml" xml:lang="en" lang="en">
 <head>
  <title>
</title>
<meta http-equiv="Content-Type" content="text/html;charset=utf-8" />
  <meta name='ocr-system' content='tesseract 3.04.00' />
  <meta name='ocr-capabilities' content='ocr_page ocr_carea ocr_par ocr_line ocrx_word'/>
</head>
<body>
  <div class='ocr_page' id='page_1' title='image "./degestisalexand00rufugoog_0110.png"; bbox 0 0 2274 3772; ppageno 0'>
   <div class='ocr_carea' id='block_1_1' title="bbox 490 121 1017 184">
    <p class='ocr_par' dir='ltr' id='par_1_1' title="bbox 490 121 1017 184">
     <span class='ocr_line' id='line_1_1' title="bbox 490 121 1017 184; baseline 0.009 -11"><span class='ocrx_word' id='word_1_1' title='bbox 490 135 581 184; x_wconf 80' lang='lat' dir='ltr'>arnan</span> <span class='ocrx_word' id='word_1_2' title='bbox 600 135 641 174; x_wconf 87' lang='lat' dir='ltr'>rr.</span> <span class='ocrx_word' id='word_1_3' title='bbox 979 121 1017 178; x_wconf 71' lang='grc'>07</span> 
     </span>
    </p>
   </div>
   <div class='ocr_carea' id='block_1_2' title="bbox 111 241 1021 1141">
    <p class='ocr_par' dir='ltr' id='par_1_2' title="bbox 111 241 1021 1141">
     <span class='ocr_line' id='line_1_2' title="bbox 111 241 1021 314; baseline 0.001 -16"><span class='ocrx_word' id='word_1_4' title='bbox 111 261 195 314; x_wconf 85' lang='lat' dir='ltr'>equos</span> <span class='ocrx_word' id='word_1_5' title='bbox 218 241 333 310; x_wconf 85' lang='lat' dir='ltr'>regebat,</span> <span class='ocrx_word' id='word_1_6' title='bbox 357 241 433 296; x_wconf 87' lang='lat' dir='ltr'>basta</span> <span class='ocrx_word' id='word_1_7' title='bbox 457 242 596 295; x_wconf 85' lang='lat' dir='ltr'>transfixus</span> <span class='ocrx_word' id='word_1_8' title='bbox 619 253 669 294; x_wconf 83' lang='lat' dir='ltr'>est.</span> <span class='ocrx_word' id='word_1_9' title='bbox 704 245 764 297; x_wconf 90' lang='lat' dir='ltr'>Neo</span> <span class='ocrx_word' id='word_1_10' title='bbox 785 252 832 296; x_wconf 90' lang='lat' dir='ltr'>aut</span> <span class='ocrx_word' id='word_1_11' title='bbox 855 245 952 298; x_wconf 86' lang='lat' dir='ltr'>Persae</span> <span class='ocrx_word' id='word_1_12' title='bbox 975 254 1021 299; x_wconf 89' lang='lat' dir='ltr'>aut</span> 
     </span>
     <span class='ocr_line' id='line_1_3' title="bbox 112 310 1020 383; baseline 0 -17"><span class='ocrx_word' id='word_1_13' title='bbox 112 312 276 367; x_wconf 78' lang='lat' dir='ltr'>Macedones</span> <span class='ocrx_word' id='word_1_14' title='bbox 298 310 461 380; x_wconf 74' lang='lat' dir='ltr'>dubitavere,</span> <span class='ocrx_word' id='word_1_15' title='bbox 481 315 543 379; x_wconf 92' lang='lat' dir='ltr'>quin</span> <span class='ocrx_word' id='word_1_16' title='bbox 568 312 626 379; x_wconf 87' lang='lat' dir='ltr'>ipse</span> <span class='ocrx_word' id='word_1_17' title='bbox 647 329 691 364; x_wconf 86' lang='lat' dir='ltr'>rex</span> <span class='ocrx_word' id='word_1_18' title='bbox 715 326 785 365; x_wconf 86' lang='lat' dir='ltr'>esset</span> <span class='ocrx_word' id='word_1_19' title='bbox 804 313 917 366; x_wconf 87' lang='lat' dir='ltr'>occisus.</span> <span class='ocrx_word' id='word_1_20' title='bbox 954 315 1020 383; x_wconf 78' lang='lat' dir='ltr'>Ergo</span> 
     </span>
     <span class='ocr_line' id='line_1_4' title="bbox 112 381 1020 450; baseline 0.001 -15"><span class='ocrx_word' id='word_1_21' title='bbox 112 383 216 450; x_wconf 87' lang='lat' dir='ltr'>lugubri</span> <span class='ocrx_word' id='word_1_22' title='bbox 233 381 334 434; x_wconf 89' lang='lat' dir='ltr'>ululatu</span> <span class='ocrx_word' id='word_1_23' title='bbox 353 389 380 432; x_wconf 85' lang='lat' dir='ltr'>et</span> <span class='ocrx_word' id='word_1_24' title='bbox 399 382 530 434; x_wconf 89' lang='lat' dir='ltr'>incondito</span> <span class='ocrx_word' id='word_1_25' title='bbox 548 381 663 433; x_wconf 89' lang='lat' dir='ltr'>clamore</span> <span class='ocrx_word' id='word_1_26' title='bbox 680 384 845 450; x_wconf 83' lang='lat' dir='ltr'>gemituque¹</span> <span class='ocrx_word' id='word_1_27' title='bbox 864 392 946 436; x_wconf 90' lang='lat' dir='ltr'>totam</span> <span class='ocrx_word' id='word_1_28' title='bbox 964 383 1020 436; x_wconf 81' lang='lat' dir='ltr'>sere</span> 
     </span>
     <span class='ocr_line' id='line_1_5' title="bbox 112 450 1020 520; baseline 0 -16"><span class='ocrx_word' id='word_1_29' title='bbox 112 455 199 504; x_wconf 82' lang='lat' dir='ltr'><strong>aciem</strong></span> <span class='ocrx_word' id='word_1_30' title='bbox 222 450 309 504; x_wconf 90' lang='lat' dir='ltr'>adhuc</span> <span class='ocrx_word' id='word_1_31' title='bbox 332 467 418 518; x_wconf 87' lang='lat' dir='ltr'>aequo</span> <span class='ocrx_word' id='word_1_32' title='bbox 441 451 539 502; x_wconf 75' lang='lat' dir='ltr'>Marte²</span> <span class='ocrx_word' id='word_1_33' title='bbox 563 454 737 518; x_wconf 82' lang='lat' dir='ltr'>pugnantium</span> <span class='ocrx_word' id='word_1_34' title='bbox 758 451 896 504; x_wconf 87' lang='lat' dir='ltr'>turbavere</span> <span class='ocrx_word' id='word_1_35' title='bbox 916 454 1020 520; x_wconf 79' lang='lat' dir='ltr'>cognati</span> 
     </span>
     <span class='ocr_line' id='line_1_6' title="bbox 112 520 1020 588; baseline 0.001 -15"><span class='ocrx_word' id='word_1_36' title='bbox 112 522 191 574; x_wconf 89' lang='lat' dir='ltr'>Darei</span> <span class='ocrx_word' id='word_1_37' title='bbox 205 530 230 573; x_wconf 92' lang='lat' dir='ltr'>et</span> <span class='ocrx_word' id='word_1_38' title='bbox 242 520 380 588; x_wconf 84' lang='lat' dir='ltr'>armigeri:</span> <span class='ocrx_word' id='word_1_39' title='bbox 402 520 562 587; x_wconf 89' lang='lat' dir='ltr'>laevumque</span> <span class='ocrx_word' id='word_1_40' title='bbox 580 535 659 570; x_wconf 87' lang='lat' dir='ltr'>cornu</span> <span class='ocrx_word' id='word_1_41' title='bbox 677 521 703 571; x_wconf 92' lang='lat' dir='ltr'>in</span> <span class='ocrx_word' id='word_1_42' title='bbox 719 520 810 588; x_wconf 85' lang='lat' dir='ltr'>lugam</span> <span class='ocrx_word' id='word_1_43' title='bbox 828 520 943 580; x_wconf 85' lang='lat' dir='ltr'>effusum</span> <span class='ocrx_word' id='word_1_44' title='bbox 961 521 1020 574; x_wconf 90' lang='lat' dir='ltr'>des·</span> 
     </span>
     <span class='ocr_line' id='line_1_7' title="bbox 113 589 1020 658; baseline 0 -15"><span class='ocrx_word' id='word_1_45' title='bbox 113 592 219 643; x_wconf 89' lang='lat' dir='ltr'>tituerat</span> <span class='ocrx_word' id='word_1_46' title='bbox 243 606 356 658; x_wconf 90' lang='lat' dir='ltr'>currum,</span> <span class='ocrx_word' id='word_1_47' title='bbox 381 605 462 656; x_wconf 89' lang='lat' dir='ltr'>quem</span> <span class='ocrx_word' id='word_1_48' title='bbox 485 606 502 639; x_wconf 93' lang='lat' dir='ltr'>a</span> <span class='ocrx_word' id='word_1_49' title='bbox 525 589 618 640; x_wconf 75' lang='lat' dir='ltr'>dextra</span> <span class='ocrx_word' id='word_1_50' title='bbox 641 598 714 656; x_wconf 90' lang='lat' dir='ltr'>parte</span> <span class='ocrx_word' id='word_1_51' title='bbox 739 590 827 658; x_wconf 88' lang='lat' dir='ltr'>stipati</span> <span class='ocrx_word' id='word_1_52' title='bbox 851 591 878 642; x_wconf 92' lang='lat' dir='ltr'>in</span> <span class='ocrx_word' id='word_1_53' title='bbox 902 590 1020 643; x_wconf 88' lang='lat' dir='ltr'>medium</span> 
     </span>
     <span class='ocr_line' id='line_1_8' title="bbox 111 657 1019 727; baseline 0 -16"><span class='ocrx_word' id='word_1_54' title='bbox 111 676 209 727; x_wconf 83' lang='lat' dir='ltr'><strong>agmen</strong></span> <span class='ocrx_word' id='word_1_55' title='bbox 222 666 386 726; x_wconf 87' lang='lat' dir='ltr'>receperunt.</span> <span class='ocrx_word' id='word_1_56' title='bbox 422 658 524 709; x_wconf 82' lang='lat' dir='ltr'>Dicitur</span> <span class='ocrx_word' id='word_1_57' title='bbox 536 657 644 709; x_wconf 79' lang='lat' dir='ltr'>acinace</span> <span class='ocrx_word' id='word_1_58' title='bbox 663 659 751 711; x_wconf 91' lang='lat' dir='ltr'>stricto</span> <span class='ocrx_word' id='word_1_59' title='bbox 764 659 866 711; x_wconf 89' lang='lat' dir='ltr'>Dareus</span> <span class='ocrx_word' id='word_1_60' title='bbox 876 658 1019 726; x_wconf 89' lang='lat' dir='ltr'>dubitasse,</span> 
     </span>
     <span class='ocr_line' id='line_1_9' title="bbox 111 726 1019 796; baseline -0.001 -15"><span class='ocrx_word' id='word_1_61' title='bbox 111 729 155 782; x_wconf 79' lang='lat' dir='ltr'>an³</span> <span class='ocrx_word' id='word_1_62' title='bbox 167 729 246 796; x_wconf 85' lang='lat' dir='ltr'>fugae</span> <span class='ocrx_word' id='word_1_63' title='bbox 258 728 376 780; x_wconf 82' lang='lat' dir='ltr'>dedecus</span> <span class='ocrx_word' id='word_1_64' title='bbox 389 727 499 779; x_wconf 89' lang='lat' dir='ltr'>honesta</span> <span class='ocrx_word' id='word_1_65' title='bbox 512 735 595 778; x_wconf 90' lang='lat' dir='ltr'>morte</span> <span class='ocrx_word' id='word_1_66' title='bbox 609 727 709 778; x_wconf 87' lang='lat' dir='ltr'>vitaret.</span> <span class='ocrx_word' id='word_1_67' title='bbox 745 726 797 779; x_wconf 86' lang='lat' dir='ltr'>Sed</span> <span class='ocrx_word' id='word_1_68' title='bbox 809 729 931 780; x_wconf 90' lang='lat' dir='ltr'>eminens</span> <span class='ocrx_word' id='word_1_69' title='bbox 943 745 1019 780; x_wconf 90' lang='lat' dir='ltr'>curru</span> 
     </span>
     <span class='ocr_line' id='line_1_10' title="bbox 111 795 1020 863; baseline -0.002 -12"><span class='ocrx_word' id='word_1_70' title='bbox 111 798 228 852; x_wconf 90' lang='lat' dir='ltr'>nondum</span> <span class='ocrx_word' id='word_1_71' title='bbox 253 813 360 849; x_wconf 91' lang='lat' dir='ltr'>omnem</span> <span class='ocrx_word' id='word_1_72' title='bbox 385 812 491 847; x_wconf 90' lang='lat' dir='ltr'>suorum</span> <span class='ocrx_word' id='word_1_73' title='bbox 514 796 600 847; x_wconf 90' lang='lat' dir='ltr'>aciem</span> <span class='ocrx_word' id='word_1_74' title='bbox 624 795 720 863; x_wconf 89' lang='lat' dir='ltr'>proelio</span> <span class='ocrx_word' id='word_1_75' title='bbox 743 796 917 849; x_wconf 84' lang='lat' dir='ltr'>excedentem</span> <span class='ocrx_word' id='word_1_76' title='bbox 941 797 1020 849; x_wconf 87' lang='lat' dir='ltr'>desti·</span> 
     </span>
     <span class='ocr_line' id='line_1_11' title="bbox 112 864 1020 934; baseline -0.002 -14"><span class='ocrx_word' id='word_1_77' title='bbox 112 878 186 920; x_wconf 89' lang='lat' dir='ltr'>tuere</span> <span class='ocrx_word' id='word_1_78' title='bbox 207 865 387 918; x_wconf 87' lang='lat' dir='ltr'>erubescebat.</span> <span class='ocrx_word' id='word_1_79' title='bbox 415 866 547 932; x_wconf 21' lang='lat' dir='ltr'>,Dumque</span> <span class='ocrx_word' id='word_1_80' title='bbox 567 864 633 915; x_wconf 90' lang='lat' dir='ltr'>inter</span> <span class='ocrx_word' id='word_1_81' title='bbox 653 878 730 931; x_wconf 90' lang='lat' dir='ltr'>spem</span> <span class='ocrx_word' id='word_1_82' title='bbox 749 873 776 916; x_wconf 88' lang='lat' dir='ltr'>et</span> <span class='ocrx_word' id='word_1_83' title='bbox 796 865 1020 934; x_wconf 80' lang='lat' dir='ltr'>desperationem⁴</span> 
     </span>
     <span class='ocr_line' id='line_1_12' title="bbox 113 932 1018 1002; baseline -0.002 -13"><span class='ocrx_word' id='word_1_84' title='bbox 113 936 235 1002; x_wconf 87' lang='lat' dir='ltr'>haesitat,</span> <span class='ocrx_word' id='word_1_85' title='bbox 260 935 360 986; x_wconf 82' lang='lat' dir='ltr'>sensim</span> <span class='ocrx_word' id='word_1_86' title='bbox 383 934 479 986; x_wconf 81' lang='lat' dir='ltr'>Persae</span> <span class='ocrx_word' id='word_1_87' title='bbox 503 932 642 1000; x_wconf 86' lang='lat' dir='ltr'>cedebant,</span> <span class='ocrx_word' id='word_1_88' title='bbox 667 941 694 985; x_wconf 91' lang='lat' dir='ltr'>et</span> <span class='ocrx_word' id='word_1_89' title='bbox 722 933 876 986; x_wconf 82' lang='lat' dir='ltr'>laxaverant</span> <span class='ocrx_word' id='word_1_90' title='bbox 905 935 1018 987; x_wconf 88' lang='lat' dir='ltr'>ordines.</span> 
     </span>
     <span class='ocr_line' id='line_1_13' title="bbox 112 1000 1019 1072; baseline -0.001 -15"><span class='ocrx_word' id='word_1_91' title='bbox 112 1005 271 1070; x_wconf 83' lang='lat' dir='ltr'>Alexander,</span> <span class='ocrx_word' id='word_1_92' title='bbox 285 1009 385 1055; x_wconf 89' lang='lat' dir='ltr'>mutato</span> <span class='ocrx_word' id='word_1_93' title='bbox 404 1019 419 1052; x_wconf 91' lang='lat' dir='ltr'>e</span> <span class='ocrx_word' id='word_1_94' title='bbox 438 1018 479 1068; x_wconf 92' lang='lat' dir='ltr'>uo,</span> <span class='ocrx_word' id='word_1_95' title='bbox 493 1001 591 1069; x_wconf 85' lang='lat' dir='ltr'>quippe</span> <span class='ocrx_word' id='word_1_96' title='bbox 607 1000 698 1070; x_wconf 86' lang='lat' dir='ltr'>plures</span> <span class='ocrx_word' id='word_1_97' title='bbox 714 1001 878 1072; x_wconf 82' lang='lat' dir='ltr'>fatigaverat,</span> <span class='ocrx_word' id='word_1_98' title='bbox 898 1005 1019 1057; x_wconf 86' lang='lat' dir='ltr'>resisten-</span> 
     </span>
     <span class='ocr_line' id='line_1_14' title="bbox 112 1018 1019 1141; baseline 0 -14"><span class='ocrx_word' id='word_1_99' title='bbox 112 1075 179 1127; x_wconf 90' lang='lat' dir='ltr'>tium</span> <span class='ocrx_word' id='word_1_100' title='bbox 199 1073 310 1125; x_wconf 86' lang='lat' dir='ltr'>adversa</span> <span class='ocrx_word' id='word_1_101' title='bbox 329 1087 374 1122; x_wconf 90' lang='lat' dir='ltr'>cra</span> <span class='ocrx_word' id='word_1_102' title='bbox 392 1018 528 1139; x_wconf 77' lang='lat' dir='ltr'>fodiebat,⁵</span> <span class='ocrx_word' id='word_1_103' title='bbox 542 1069 699 1138; x_wconf 82' lang='lat' dir='ltr'>fugientium</span> <span class='ocrx_word' id='word_1_104' title='bbox 719 1079 801 1139; x_wconf 84' lang='lat' dir='ltr'>terga.</span> <span class='ocrx_word' id='word_1_105' title='bbox 836 1073 949 1141; x_wconf 80' lang='lat' dir='ltr'>Jamque</span> <span class='ocrx_word' id='word_1_106' title='bbox 968 1091 1019 1127; x_wconf 91' lang='lat' dir='ltr'>uon</span> 
     </span>
    </p>
   </div>
   <div class='ocr_carea' id='block_1_3' title="bbox 112 1140 1019 1259">
    <p class='ocr_par' dir='ltr' id='par_1_3' title="bbox 112 1140 1019 1259">
     <span class='ocr_line' id='line_1_15' title="bbox 112 1140 1019 1259; baseline 0.001 -64"><span class='ocrx_word' id='word_1_107' title='bbox 112 1159 210 1212; x_wconf 87' lang='lat' dir='ltr'>pugna,</span> <span class='ocrx_word' id='word_1_108' title='bbox 224 1141 271 1193; x_wconf 88' lang='lat' dir='ltr'>sed</span> <span class='ocrx_word' id='word_1_109' title='bbox 288 1140 386 1192; x_wconf 87' lang='lat' dir='ltr'>caedes</span> <span class='ocrx_word' id='word_1_110' title='bbox 397 1147 460 1205; x_wconf 89' lang='lat' dir='ltr'>erat,</span> <span class='ocrx_word' id='word_1_111' title='bbox 473 1156 535 1192; x_wconf 88' lang='lat' dir='ltr'>cum</span> <span class='ocrx_word' id='word_1_112' title='bbox 548 1140 651 1191; x_wconf 88' lang='lat' dir='ltr'>Dareus</span> <span class='ocrx_word' id='word_1_113' title='bbox 662 1156 767 1259; x_wconf 57' lang='lat' dir='ltr'>&lt;Proque</span> <span class='ocrx_word' id='word_1_114' title='bbox 779 1157 884 1194; x_wconf 90' lang='lat' dir='ltr'>currum</span> <span class='ocrx_word' id='word_1_115' title='bbox 897 1159 976 1196; x_wconf 87' lang='lat' dir='ltr'>suum</span> <span class='ocrx_word' id='word_1_116' title='bbox 992 1144 1019 1196; x_wconf 88' lang='lat' dir='ltr'>in</span> 
     </span>
    </p>
   </div>
   <div class='ocr_carea' id='block_1_4' title="bbox 110 1207 1023 2314">
    <p class='ocr_par' dir='ltr' id='par_1_4' title="bbox 111 1207 1019 1694">
     <span class='ocr_line' id='line_1_16' title="bbox 114 1207 1018 1278; baseline 0.001 -15"><span class='ocrx_word' id='word_1_117' title='bbox 114 1213 205 1278; x_wconf 83' lang='lat' dir='ltr'>lugam</span> <span class='ocrx_word' id='word_1_118' title='bbox 230 1209 315 1262; x_wconf 89' lang='lat' dir='ltr'>vertit.</span> <span class='ocrx_word' id='word_1_119' title='bbox 361 1207 493 1261; x_wconf 88' lang='lat' dir='ltr'>Haerebat</span> <span class='ocrx_word' id='word_1_120' title='bbox 516 1209 542 1261; x_wconf 92' lang='lat' dir='ltr'>in</span> <span class='ocrx_word' id='word_1_121' title='bbox 567 1207 645 1275; x_wconf 80' lang='lat' dir='ltr'>tergis</span> <span class='ocrx_word' id='word_1_122' title='bbox 680 1209 826 1275; x_wconf 87' lang='lat' dir='ltr'>ugientium</span> <span class='ocrx_word' id='word_1_123' title='bbox 850 1211 947 1263; x_wconf 91' lang='lat' dir='ltr'>victor:</span> <span class='ocrx_word' id='word_1_124' title='bbox 971 1211 1018 1264; x_wconf 91' lang='lat' dir='ltr'>sed</span> 
     </span>
     <span class='ocr_line' id='line_1_17' title="bbox 134 1276 1019 1348; baseline 0.001 -16"><span class='ocrx_word' id='word_1_125' title='bbox 134 1288 282 1348; x_wconf 90' lang='lat' dir='ltr'>rospeotum</span> <span class='ocrx_word' id='word_1_126' title='bbox 299 1277 433 1330; x_wconf 90' lang='lat' dir='ltr'>oculorum</span> <span class='ocrx_word' id='word_1_127' title='bbox 451 1278 536 1331; x_wconf 90' lang='lat' dir='ltr'>nubes</span> <span class='ocrx_word' id='word_1_128' title='bbox 552 1276 677 1346; x_wconf 88' lang='lat' dir='ltr'>pulveris,</span> <span class='ocrx_word' id='word_1_129' title='bbox 691 1295 759 1346; x_wconf 90' lang='lat' dir='ltr'>quae</span> <span class='ocrx_word' id='word_1_130' title='bbox 777 1279 811 1331; x_wconf 89' lang='lat' dir='ltr'>ad</span> <span class='ocrx_word' id='word_1_131' title='bbox 829 1279 935 1332; x_wconf 89' lang='lat' dir='ltr'>coelum</span> <span class='ocrx_word' id='word_1_132' title='bbox 952 1279 1019 1333; x_wconf 85' lang='lat' dir='ltr'>lere·</span> 
     </span>
     <span class='ocr_line' id='line_1_18' title="bbox 113 1298 1017 1418; baseline 0 -17"><span class='ocrx_word' id='word_1_133' title='bbox 113 1298 198 1418; x_wconf 73' lang='lat' dir='ltr'>batur,</span> <span class='ocrx_word' id='word_1_134' title='bbox 217 1346 376 1400; x_wconf 85' lang='lat' dir='ltr'>abstulerat:</span> <span class='ocrx_word' id='word_1_135' title='bbox 402 1363 463 1414; x_wconf 87' lang='lat' dir='ltr'>ergo</span> <span class='ocrx_word' id='word_1_136' title='bbox 481 1345 552 1399; x_wconf 90' lang='lat' dir='ltr'>haud</span> <span class='ocrx_word' id='word_1_137' title='bbox 571 1363 652 1399; x_wconf 87' lang='lat' dir='ltr'>secus</span> <span class='ocrx_word' id='word_1_138' title='bbox 669 1363 750 1415; x_wconf 88' lang='lat' dir='ltr'>quam</span> <span class='ocrx_word' id='word_1_139' title='bbox 769 1347 794 1400; x_wconf 93' lang='lat' dir='ltr'>in</span> <span class='ocrx_word' id='word_1_140' title='bbox 816 1349 931 1401; x_wconf 88' lang='lat' dir='ltr'>tenebris</span> <span class='ocrx_word' id='word_1_141' title='bbox 950 1365 1017 1401; x_wconf 89' lang='lat' dir='ltr'>erra·</span> 
     </span>
     <span class='ocr_line' id='line_1_19' title="bbox 113 1415 1019 1487; baseline 0.001 -17"><span class='ocrx_word' id='word_1_142' title='bbox 113 1418 185 1487; x_wconf 85' lang='lat' dir='ltr'>bant,</span> <span class='ocrx_word' id='word_1_143' title='bbox 203 1416 237 1469; x_wconf 88' lang='lat' dir='ltr'>ad</span> <span class='ocrx_word' id='word_1_144' title='bbox 259 1432 351 1469; x_wconf 92' lang='lat' dir='ltr'>sonum</span> <span class='ocrx_word' id='word_1_145' title='bbox 369 1422 447 1468; x_wconf 90' lang='lat' dir='ltr'>uotae</span> <span class='ocrx_word' id='word_1_146' title='bbox 464 1418 544 1485; x_wconf 89' lang='lat' dir='ltr'>vocis,</span> <span class='ocrx_word' id='word_1_147' title='bbox 563 1425 592 1468; x_wconf 90' lang='lat' dir='ltr'>ut</span> <span class='ocrx_word' id='word_1_148' title='bbox 610 1415 722 1486; x_wconf 87' lang='lat' dir='ltr'>signum,</span> <span class='ocrx_word' id='word_1_149' title='bbox 742 1416 853 1469; x_wconf 85' lang='lat' dir='ltr'>subinde</span> <span class='ocrx_word' id='word_1_150' title='bbox 873 1418 1019 1471; x_wconf 72' lang='lat' dir='ltr'>coeuntes.⁸</span> 
     </span>
     <span class='ocr_line' id='line_1_20' title="bbox 113 1483 1019 1554; baseline 0.001 -15"><span class='ocrx_word' id='word_1_151' title='bbox 113 1485 300 1540; x_wconf 84' lang='lat' dir='ltr'>Exaudiebant</span> <span class='ocrx_word' id='word_1_152' title='bbox 312 1496 401 1537; x_wconf 90' lang='lat' dir='ltr'>tamen</span> <span class='ocrx_word' id='word_1_153' title='bbox 414 1493 465 1536; x_wconf 91' lang='lat' dir='ltr'>stre</span> <span class='ocrx_word' id='word_1_154' title='bbox 485 1484 529 1537; x_wconf 93' lang='lat' dir='ltr'>itis</span> <span class='ocrx_word' id='word_1_155' title='bbox 543 1483 714 1552; x_wconf 87' lang='lat' dir='ltr'>habenarum,</span> <span class='ocrx_word' id='word_1_156' title='bbox 727 1486 898 1554; x_wconf 82' lang='lat' dir='ltr'>quibus-equi</span> <span class='ocrx_word' id='word_1_157' title='bbox 912 1504 1019 1540; x_wconf 84' lang='lat' dir='ltr'>currum</span> 
     </span>
     <span class='ocr_line' id='line_1_21' title="bbox 113 1503 1017 1624; baseline 0.002 -16"><span class='ocrx_word' id='word_1_158' title='bbox 113 1556 244 1608; x_wconf 85' lang='lat' dir='ltr'>vehentes</span> <span class='ocrx_word' id='word_1_159' title='bbox 259 1554 415 1608; x_wconf 80' lang='lat' dir='ltr'>identidem⁷</span> <span class='ocrx_word' id='word_1_160' title='bbox 426 1503 646 1615; x_wconf 75' lang='lat' dir='ltr'>verberabantur:</span> <span class='ocrx_word' id='word_1_161' title='bbox 665 1553 733 1607; x_wconf 88' lang='lat' dir='ltr'>haec</span> <span class='ocrx_word' id='word_1_162' title='bbox 750 1555 806 1607; x_wconf 91' lang='lat' dir='ltr'>sola</span> <span class='ocrx_word' id='word_1_163' title='bbox 823 1555 948 1624; x_wconf 79' lang='lat' dir='ltr'>fugientis</span> <span class='ocrx_word' id='word_1_164' title='bbox 960 1573 1017 1610; x_wconf 71' lang='lat' dir='ltr'>vee</span> 
     </span>
     <span class='ocr_line' id='line_1_22' title="bbox 111 1625 382 1694; baseline -0.011 -17"><span class='ocrx_word' id='word_1_165' title='bbox 111 1625 177 1694; x_wconf 84' lang='lat' dir='ltr'>tigia</span> <span class='ocrx_word' id='word_1_166' title='bbox 189 1632 300 1693; x_wconf 81' lang='lat' dir='ltr'>excepta</span> <span class='ocrx_word' id='word_1_167' title='bbox 312 1631 382 1677; x_wconf 91' lang='lat' dir='ltr'>sunt.</span> 
     </span>
    </p>

    <p class='ocr_par' dir='ltr' id='par_1_5' title="bbox 110 1690 1023 2314">
     <span class='ocr_line' id='line_1_23' title="bbox 147 1690 1018 1762; baseline 0 -15"><span class='ocrx_word' id='word_1_168' title='bbox 147 1699 187 1747; x_wconf 80' lang='lat'>60.</span> <span class='ocrx_word' id='word_1_169' title='bbox 206 1697 242 1746; x_wconf 93' lang='lat' dir='ltr'>At</span> <span class='ocrx_word' id='word_1_170' title='bbox 260 1694 288 1746; x_wconf 91' lang='lat' dir='ltr'>in</span> <span class='ocrx_word' id='word_1_171' title='bbox 306 1692 381 1745; x_wconf 90' lang='lat' dir='ltr'>laevo</span> <span class='ocrx_word' id='word_1_172' title='bbox 399 1690 579 1744; x_wconf 87' lang='lat' dir='ltr'>Macedonum</span> <span class='ocrx_word' id='word_1_173' title='bbox 596 1709 676 1744; x_wconf 91' lang='lat' dir='ltr'>cornu</span> <span class='ocrx_word' id='word_1_174' title='bbox 694 1692 853 1762; x_wconf 89' lang='lat' dir='ltr'>(Parmenio,</span> <span class='ocrx_word' id='word_1_175' title='bbox 869 1693 937 1746; x_wconf 86' lang='lat' dir='ltr'>siout</span> <span class='ocrx_word' id='word_1_176' title='bbox 955 1702 1018 1747; x_wconf 87' lang='lat' dir='ltr'>aute</span> 
     </span>
     <span class='ocr_line' id='line_1_24' title="bbox 111 1760 1023 1831; baseline 0 -16"><span class='ocrx_word' id='word_1_177' title='bbox 111 1763 221 1831; x_wconf 90' lang='lat' dir='ltr'>dictum,</span> <span class='ocrx_word' id='word_1_178' title='bbox 242 1761 385 1831; x_wconf 79' lang='lat' dir='ltr'>tuebatur),</span> <span class='ocrx_word' id='word_1_179' title='bbox 410 1760 487 1828; x_wconf 87' lang='lat' dir='ltr'>longe</span> <span class='ocrx_word' id='word_1_180' title='bbox 509 1760 563 1812; x_wconf 89' lang='lat' dir='ltr'>alia</span> <span class='ocrx_word' id='word_1_181' title='bbox 586 1760 690 1813; x_wconf 84' lang='lat' dir='ltr'>fortuna</span> <span class='ocrx_word' id='word_1_182' title='bbox 713 1761 849 1830; x_wconf 80' lang='lat' dir='ltr'>utriusque</span> <span class='ocrx_word' id='word_1_183' title='bbox 909 1763 954 1815; x_wconf 89' lang='lat' dir='ltr'>rtis</span> <span class='ocrx_word' id='word_1_184' title='bbox 977 1779 1023 1817; x_wconf 87' lang='lat' dir='ltr'>res</span> 
     </span>
     <span class='ocr_line' id='line_1_25' title="bbox 110 1829 1018 1900; baseline -0.001 -16"><span class='ocrx_word' id='word_1_185' title='bbox 110 1831 260 1900; x_wconf 83' lang='lat' dir='ltr'>gerebatur.</span> <span class='ocrx_word' id='word_1_186' title='bbox 290 1831 427 1898; x_wconf 82' lang='lat' dir='ltr'>Mazaeus,</span> <span class='ocrx_word' id='word_1_187' title='bbox 438 1846 498 1881; x_wconf 89' lang='lat' dir='ltr'>cum</span> <span class='ocrx_word' id='word_1_188' title='bbox 511 1829 583 1881; x_wconf 90' lang='lat' dir='ltr'>omni</span> <span class='ocrx_word' id='word_1_189' title='bbox 595 1846 701 1882; x_wconf 87' lang='lat' dir='ltr'>suorum</span> <span class='ocrx_word' id='word_1_190' title='bbox 714 1831 832 1898; x_wconf 89' lang='lat' dir='ltr'>equitatu</span> <span class='ocrx_word' id='word_1_191' title='bbox 844 1847 878 1882; x_wconf 84' lang='lat' dir='ltr'>re</span> <span class='ocrx_word' id='word_1_192' title='bbox 898 1838 1018 1884; x_wconf 80' lang='lat' dir='ltr'>amenter</span> 
     </span>
     <span class='ocr_line' id='line_1_26' title="bbox 112 1898 1021 1969; baseline -0.001 -15"><span class='ocrx_word' id='word_1_193' title='bbox 112 1902 240 1968; x_wconf 90' lang='lat' dir='ltr'>invectus,</span> <span class='ocrx_word' id='word_1_194' title='bbox 254 1900 364 1969; x_wconf 80' lang='lat' dir='ltr'>urgebat</span> <span class='ocrx_word' id='word_1_195' title='bbox 381 1898 560 1952; x_wconf 88' lang='lat' dir='ltr'>Macedonum</span> <span class='ocrx_word' id='word_1_196' title='bbox 576 1898 639 1950; x_wconf 80' lang='lat' dir='ltr'>alas.</span> <span class='ocrx_word' id='word_1_197' title='bbox 675 1899 788 1967; x_wconf 77' lang='lat' dir='ltr'>Jamque</span> <span class='ocrx_word' id='word_1_198' title='bbox 801 1899 939 1952; x_wconf 90' lang='lat' dir='ltr'>abundans</span> <span class='ocrx_word' id='word_1_199' title='bbox 950 1899 1021 1953; x_wconf 75' lang='lat' dir='ltr'>mul·</span> 
     </span>
     <span class='ocr_line' id='line_1_27' title="bbox 112 1966 1018 2037; baseline -0.002 -14"><span class='ocrx_word' id='word_1_200' title='bbox 112 1969 225 2024; x_wconf 89' lang='lat' dir='ltr'>titudine</span> <span class='ocrx_word' id='word_1_201' title='bbox 243 1969 328 2021; x_wconf 89' lang='lat' dir='ltr'>aciem</span> <span class='ocrx_word' id='word_1_202' title='bbox 346 1966 518 2020; x_wconf 86' lang='lat' dir='ltr'>circumvehi⁸</span> <span class='ocrx_word' id='word_1_203' title='bbox 532 1976 661 2035; x_wconf 85' lang='lat' dir='ltr'>coeperat,</span> <span class='ocrx_word' id='word_1_204' title='bbox 679 1983 740 2018; x_wconf 90' lang='lat' dir='ltr'>curn</span> <span class='ocrx_word' id='word_1_205' title='bbox 758 1968 896 2020; x_wconf 85' lang='lat' dir='ltr'>Parmenio</span> <span class='ocrx_word' id='word_1_206' title='bbox 915 1971 1018 2037; x_wconf 80' lang='lat' dir='ltr'>equites</span> 
     </span>
     <span class='ocr_line' id='line_1_28' title="bbox 111 2033 1017 2107; baseline 0 -16"><span class='ocrx_word' id='word_1_207' title='bbox 111 2039 232 2092; x_wconf 88' lang='lat' dir='ltr'>nuntiare</span> <span class='ocrx_word' id='word_1_208' title='bbox 249 2037 324 2107; x_wconf 88' lang='lat' dir='ltr'>jubet</span> <span class='ocrx_word' id='word_1_209' title='bbox 342 2035 499 2104; x_wconf 83' lang='lat' dir='ltr'>Alexandro,</span> <span class='ocrx_word' id='word_1_210' title='bbox 518 2035 543 2087; x_wconf 90' lang='lat' dir='ltr'>in</span> <span class='ocrx_word' id='word_1_211' title='bbox 560 2052 612 2104; x_wconf 91' lang='lat' dir='ltr'>quo</span> <span class='ocrx_word' id='word_1_212' title='bbox 628 2033 779 2088; x_wconf 85' lang='lat' dir='ltr'>discrimine</span> <span class='ocrx_word' id='word_1_213' title='bbox 798 2036 848 2106; x_wconf 86' lang='lat' dir='ltr'>ipsi</span> <span class='ocrx_word' id='word_1_214' title='bbox 866 2047 970 2091; x_wconf 88' lang='lat' dir='ltr'>essent:</span> <span class='ocrx_word' id='word_1_215' title='bbox 989 2039 1017 2091; x_wconf 91' lang='lat' dir='ltr'>ni</span> 
     </span>
     <span class='ocr_line' id='line_1_29' title="bbox 112 2104 1016 2174; baseline -0.001 -13"><span class='ocrx_word' id='word_1_216' title='bbox 112 2118 215 2162; x_wconf 90' lang='lat' dir='ltr'>mature</span> <span class='ocrx_word' id='word_1_217' title='bbox 233 2107 424 2174; x_wconf 89' lang='lat' dir='ltr'>subveniretur,</span> <span class='ocrx_word' id='word_1_218' title='bbox 441 2122 493 2158; x_wconf 90' lang='lat' dir='ltr'>nou</span> <span class='ocrx_word' id='word_1_219' title='bbox 508 2121 584 2173; x_wconf 89' lang='lat' dir='ltr'>posse</span> <span class='ocrx_word' id='word_1_220' title='bbox 603 2104 659 2157; x_wconf 85' lang='lat' dir='ltr'>sisti</span> <span class='ocrx_word' id='word_1_221' title='bbox 678 2105 789 2173; x_wconf 76' lang='lat' dir='ltr'>lugam.⁹</span> <span class='ocrx_word' id='word_1_222' title='bbox 822 2106 883 2159; x_wconf 78' lang='lat' dir='ltr'>tam</span> <span class='ocrx_word' id='word_1_223' title='bbox 900 2106 1016 2160; x_wconf 89' lang='lat' dir='ltr'>multum</span> 
     </span>
     <span class='ocr_line' id='line_1_30' title="bbox 111 2173 1016 2245; baseline -0.001 -16"><span class='ocrx_word' id='word_1_224' title='bbox 111 2178 171 2229; x_wconf 89' lang='lat' dir='ltr'>viae</span> <span class='ocrx_word' id='word_1_225' title='bbox 189 2176 378 2245; x_wconf 53' lang='lat' dir='ltr'>praeceperat?⁰</span> <span class='ocrx_word' id='word_1_226' title='bbox 393 2192 446 2242; x_wconf 79' lang='lat' dir='ltr'>reu,</span> <span class='ocrx_word' id='word_1_227' title='bbox 466 2174 626 2227; x_wconf 89' lang='lat' dir='ltr'>imminens¹¹</span> <span class='ocrx_word' id='word_1_228' title='bbox 643 2173 802 2242; x_wconf 76' lang='lat' dir='ltr'>fugientium</span> <span class='ocrx_word' id='word_1_229' title='bbox 818 2175 904 2244; x_wconf 84' lang='lat' dir='ltr'>tergis,</span> <span class='ocrx_word' id='word_1_230' title='bbox 920 2192 983 2230; x_wconf 84' lang='lat' dir='ltr'>oum</span> <span class='ocrx_word' id='word_1_231' title='bbox 999 2192 1016 2228; x_wconf 86' lang='lat' dir='ltr'>a</span> 
     </span>
     <span class='ocr_line' id='line_1_31' title="bbox 114 2243 1021 2314; baseline -0.001 -17"><span class='ocrx_word' id='word_1_232' title='bbox 114 2246 286 2298; x_wconf 89' lang='lat' dir='ltr'>Parmenione</span> <span class='ocrx_word' id='word_1_233' title='bbox 305 2243 386 2297; x_wconf 87' lang='lat' dir='ltr'>tristis</span> <span class='ocrx_word' id='word_1_234' title='bbox 404 2245 510 2297; x_wconf 88' lang='lat' dir='ltr'>nuntius</span> <span class='ocrx_word' id='word_1_235' title='bbox 522 2244 603 2296; x_wconf 90' lang='lat' dir='ltr'>venit.</span> <span class='ocrx_word' id='word_1_236' title='bbox 638 2243 780 2296; x_wconf 84' lang='lat' dir='ltr'>Refrenare</span> <span class='ocrx_word' id='word_1_237' title='bbox 793 2260 874 2312; x_wconf 87' lang='lat' dir='ltr'>equos</span> <span class='ocrx_word' id='word_1_238' title='bbox 884 2244 958 2314; x_wconf 86' lang='lat' dir='ltr'>jussi,</span> <span class='ocrx_word' id='word_1_239' title='bbox 971 2245 1021 2313; x_wconf 83' lang='lat' dir='ltr'>qui.</span> 
     </span>
    </p>
   </div>
   <div class='ocr_carea' id='block_1_5' title="bbox 100 2359 1019 3469">
    <p class='ocr_par' dir='ltr' id='par_1_6' title="bbox 100 2359 1019 3469">
     <span class='ocr_line' id='line_1_32' title="bbox 143 2359 1019 2428; baseline -0.001 -20"><span class='ocrx_word' id='word_1_240' title='bbox 143 2367 150 2390; x_wconf 88' lang='lat'><em>¹</em></span> <span class='ocrx_word' id='word_1_241' title='bbox 163 2361 247 2409; x_wconf 81' lang='lat' dir='ltr'>‘With</span> <span class='ocrx_word' id='word_1_242' title='bbox 258 2361 298 2408; x_wconf 88' lang='lat' dir='ltr'>the</span> <span class='ocrx_word' id='word_1_243' title='bbox 307 2360 454 2416; x_wconf 84' lang='lat' dir='ltr'>death-wall,</span> <span class='ocrx_word' id='word_1_244' title='bbox 465 2360 511 2408; x_wconf 92' lang='lat' dir='ltr'>and</span> <span class='ocrx_word' id='word_1_245' title='bbox 519 2376 536 2428; x_wconf 77' lang='lat' dir='ltr'>a</span> <span class='ocrx_word' id='word_1_246' title='bbox 545 2359 660 2427; x_wconf 81' lang='lat' dir='ltr'>confused</span> <span class='ocrx_word' id='word_1_247' title='bbox 667 2359 762 2406; x_wconf 90' lang='lat' dir='ltr'>shoutin</span> <span class='ocrx_word' id='word_1_248' title='bbox 788 2359 834 2407; x_wconf 89' lang='lat' dir='ltr'>and</span> <span class='ocrx_word' id='word_1_249' title='bbox 842 2359 1019 2408; x_wconf 63' lang='lat' dir='ltr'>lamentatum*</span> 
     </span>
     <span class='ocr_line' id='line_1_33' title="bbox 112 2417 976 2526; baseline -0.003 0"><span class='ocrx_word' id='word_1_250' title='bbox 112 2419 541 2526; x_wconf 43' lang='lat' dir='ltr'>lelv&#39;ldfflllffhllillhlll</span> <span class='ocrx_word' id='word_1_251' title='bbox 559 2417 771 2524; x_wconf 51' lang='lat' dir='ltr'>sldlllbmdffi‘</span> <span class='ocrx_word' id='word_1_252' title='bbox 800 2417 976 2467; x_wconf 40' lang='grc' dir='ltr'>ΜΘΝ</span> 
     </span>
     <span class='ocr_line' id='line_1_34' title="bbox 142 2494 769 2593; baseline -0.006 -9"><span class='ocrx_word' id='word_1_253' title='bbox 142 2494 252 2585; x_wconf 60' lang='grc' dir='ltr'><em>Ῥοτιαη</em></span> <span class='ocrx_word' id='word_1_254' title='bbox 263 2494 322 2584; x_wconf 68' lang='lat' dir='ltr'>aher</span> <span class='ocrx_word' id='word_1_255' title='bbox 332 2513 445 2591; x_wconf 67' lang='lat' dir='ltr'>debuere,</span> <span class='ocrx_word' id='word_1_256' title='bbox 459 2536 516 2591; x_wconf 79' lang='lat' dir='ltr'>dac,</span> <span class='ocrx_word' id='word_1_257' title='bbox 529 2551 570 2582; x_wconf 86' lang='lat' dir='ltr'>see</span> <span class='ocrx_word' id='word_1_258' title='bbox 583 2511 680 2593; x_wconf 74' lang='lat' dir='ltr'>Zumpt,</span> <span class='ocrx_word' id='word_1_259' title='bbox 693 2534 707 2585; x_wconf 73' lang='lat' dir='ltr'>l</span> <span class='ocrx_word' id='word_1_260' title='bbox 718 2536 769 2581; x_wconf 81' lang='lat'>354.</span> 
     </span>
     <span class='ocr_line' id='line_1_35' title="bbox 125 2591 1019 2674; baseline 0 -30"><span class='ocrx_word' id='word_1_261' title='bbox 125 2657 130 2667; x_wconf 31' lang='grc' dir='ltr'><strong><em>ι</em></strong></span> <span class='ocrx_word' id='word_1_262' title='bbox 142 2603 151 2625; x_wconf 82' lang='lat'><strong>⁴</strong></span> <span class='ocrx_word' id='word_1_263' title='bbox 162 2597 220 2658; x_wconf 78' lang='lat' dir='ltr'>Sper</span> <span class='ocrx_word' id='word_1_264' title='bbox 230 2605 250 2644; x_wconf 87' lang='lat' dir='ltr'>et</span> <span class='ocrx_word' id='word_1_265' title='bbox 261 2597 390 2657; x_wconf 77' lang='lat' dir='ltr'>desperatio</span> <span class='ocrx_word' id='word_1_266' title='bbox 397 2594 481 2674; x_wconf 58' lang='lat' dir='ltr'>forme</span> <span class='ocrx_word' id='word_1_267' title='bbox 491 2593 581 2654; x_wconf 80' lang='lat' dir='ltr'>perfect</span> <span class='ocrx_word' id='word_1_268' title='bbox 592 2592 728 2641; x_wconf 85' lang='lat' dir='ltr'>antithesis.</span> <span class='ocrx_word' id='word_1_269' title='bbox 761 2597 767 2619; x_wconf 90' lang='lat'>‘</span> <span class='ocrx_word' id='word_1_270' title='bbox 777 2591 856 2653; x_wconf 73' lang='lat' dir='ltr'>tropo,</span> <span class='ocrx_word' id='word_1_271' title='bbox 866 2593 913 2656; x_wconf 82' lang='lat' dir='ltr'>aud</span> <span class='ocrx_word' id='word_1_272' title='bbox 923 2593 964 2642; x_wconf 87' lang='lat' dir='ltr'>tha</span> <span class='ocrx_word' id='word_1_273' title='bbox 974 2610 1019 2644; x_wconf 62' lang='lat' dir='ltr'>en«</span> 
     </span>
     <span class='ocr_line' id='line_1_36' title="bbox 100 2653 1015 2794; baseline 0.001 -33"><span class='ocrx_word' id='word_1_274' title='bbox 100 2653 456 2794; x_wconf 31' lang='grc' dir='ltr'>.ξιῐῗῐῗῗῑτέξαῖῗῗῖἑιξὲιίξξέἳ</span> <span class='ocrx_word' id='word_1_275' title='bbox 478 2710 525 2758; x_wconf 89' lang='lat' dir='ltr'>We</span> <span class='ocrx_word' id='word_1_276' title='bbox 533 2685 612 2770; x_wconf 43' lang='lat' dir='ltr'>&#39;apest</span> <span class='ocrx_word' id='word_1_277' title='bbox 622 2710 650 2758; x_wconf 89' lang='lat' dir='ltr'>ol</span> <span class='ocrx_word' id='word_1_278' title='bbox 657 2727 671 2758; x_wconf 86' lang='lat' dir='ltr'>a</span> <span class='ocrx_word' id='word_1_279' title='bbox 681 2709 744 2759; x_wconf 86' lang='lat' dir='ltr'>rider</span> <span class='ocrx_word' id='word_1_280' title='bbox 756 2708 876 2773; x_wconf 78' lang='lat' dir='ltr'>‘digging&#39;</span> <span class='ocrx_word' id='word_1_281' title='bbox 894 2712 932 2761; x_wconf 89' lang='lat' dir='ltr'>his</span> <span class='ocrx_word' id='word_1_282' title='bbox 946 2719 1015 2774; x_wconf 74' lang='lat' dir='ltr'>epuns</span> 
     </span>
     <span class='ocr_line' id='line_1_37' title="bbox 113 2770 1013 2936; baseline 0 -58"><span class='ocrx_word' id='word_1_283' title='bbox 113 2770 595 2936; x_wconf 49' lang='lat' dir='ltr'>mho‘lddbllldcrt&#39;ihfisihldhhdiesettimes.&#39;</span> <span class='ocrx_word' id='word_1_284' title='bbox 614 2827 1013 2891; x_wconf 76' lang='lat' dir='ltr'>Subindelrastwosignificatious:</span> 
     </span>
     <span class='ocr_line' id='line_1_38' title="bbox 116 2887 665 2947; baseline -0.007 -10"><span class='ocrx_word' id='word_1_285' title='bbox 116 2897 156 2938; x_wconf 86' lang='lat' dir='ltr'>‘at</span> <span class='ocrx_word' id='word_1_286' title='bbox 166 2891 256 2945; x_wconf 89' lang='lat' dir='ltr'>trmes‚’</span> <span class='ocrx_word' id='word_1_287' title='bbox 270 2905 299 2936; x_wconf 89' lang='lat' dir='ltr'>an</span> <span class='ocrx_word' id='word_1_288' title='bbox 329 2887 507 2947; x_wconf 81' lang='lat' dir='ltr'>‘rmmedrately</span> <span class='ocrx_word' id='word_1_289' title='bbox 519 2887 665 2946; x_wconf 77' lang='lat' dir='ltr'>thereupon.¹</span> 
     </span>
     <span class='ocr_line' id='line_1_39' title="bbox 142 2946 807 3007; baseline -0.005 -11"><span class='ocrx_word' id='word_1_290' title='bbox 142 2953 151 2976; x_wconf 70' lang='lat' dir='ltr'>r</span> <span class='ocrx_word' id='word_1_291' title='bbox 164 2948 346 3007; x_wconf 85' lang='lat' dir='ltr'>‘Repeatedly,&#39;</span> <span class='ocrx_word' id='word_1_292' title='bbox 362 2952 432 2995; x_wconf 87' lang='lat' dir='ltr'>‘ever</span> <span class='ocrx_word' id='word_1_293' title='bbox 442 2946 488 2994; x_wconf 88' lang='lat' dir='ltr'>end</span> <span class='ocrx_word' id='word_1_294' title='bbox 499 2962 563 2994; x_wconf 90' lang='lat' dir='ltr'>anon</span> <span class='ocrx_word' id='word_1_295' title='bbox 572 2947 597 2993; x_wconf 91' lang='lat' dir='ltr'>iu</span> <span class='ocrx_word' id='word_1_296' title='bbox 607 2946 648 2993; x_wconf 89' lang='lat' dir='ltr'>the</span> <span class='ocrx_word' id='word_1_297' title='bbox 658 2961 725 2994; x_wconf 86' lang='lat' dir='ltr'>same</span> <span class='ocrx_word' id='word_1_298' title='bbox 737 2947 807 3007; x_wconf 60' lang='lat' dir='ltr'>vray!</span> 
     </span>
     <span class='ocr_line' id='line_1_40' title="bbox 141 3004 1018 3066; baseline 0 -11"><span class='ocrx_word' id='word_1_299' title='bbox 141 3013 150 3038; x_wconf 84' lang='lat'>⁸</span> <span class='ocrx_word' id='word_1_300' title='bbox 162 3007 201 3055; x_wconf 84' lang='lat' dir='ltr'>To</span> <span class='ocrx_word' id='word_1_301' title='bbox 209 3006 325 3064; x_wconf 86' lang='lat' dir='ltr'>surround</span> <span class='ocrx_word' id='word_1_302' title='bbox 336 3006 377 3054; x_wconf 88' lang='lat' dir='ltr'>the</span> <span class='ocrx_word' id='word_1_303' title='bbox 388 3005 471 3053; x_wconf 83' lang='lat' dir='ltr'>lineos</span> <span class='ocrx_word' id='word_1_304' title='bbox 478 3005 518 3053; x_wconf 90' lang='lat' dir='ltr'>the</span> <span class='ocrx_word' id='word_1_305' title='bbox 530 3004 701 3053; x_wconf 86' lang='lat' dir='ltr'>Macedoniam</span> <span class='ocrx_word' id='word_1_306' title='bbox 710 3005 768 3053; x_wconf 82' lang='lat' dir='ltr'>with</span> <span class='ocrx_word' id='word_1_307' title='bbox 779 3005 882 3066; x_wconf 83' lang='lat' dir='ltr'>cavalry.</span> <span class='ocrx_word' id='word_1_308' title='bbox 912 3006 1018 3055; x_wconf 15' lang='lat' dir='ltr'>cinam-a</span> 
     </span>
     <span class='ocr_line' id='line_1_41' title="bbox 112 3065 826 3117; baseline -0.006 -1"><span class='ocrx_word' id='word_1_309' title='bbox 112 3068 165 3116; x_wconf 70' lang='lat' dir='ltr'>vett</span> <span class='ocrx_word' id='word_1_310' title='bbox 174 3065 195 3113; x_wconf 86' lang='lat' dir='ltr'>is</span> <span class='ocrx_word' id='word_1_311' title='bbox 206 3065 333 3117; x_wconf 84' lang='lat' dir='ltr'>construed</span> <span class='ocrx_word' id='word_1_312' title='bbox 345 3066 369 3112; x_wconf 91' lang='lat' dir='ltr'>in</span> <span class='ocrx_word' id='word_1_313' title='bbox 380 3065 420 3112; x_wconf 89' lang='lat' dir='ltr'>the</span> <span class='ocrx_word' id='word_1_314' title='bbox 431 3080 498 3112; x_wconf 85' lang='lat' dir='ltr'>same</span> <span class='ocrx_word' id='word_1_315' title='bbox 508 3078 610 3112; x_wconf 87' lang='lat' dir='ltr'>manner·</span> <span class='ocrx_word' id='word_1_316' title='bbox 618 3079 644 3110; x_wconf 87' lang='lat' dir='ltr'>as</span> <span class='ocrx_word' id='word_1_317' title='bbox 654 3065 826 3112; x_wconf 62' lang='lat' dir='ltr'>dmumueaire.</span> 
     </span>
     <span class='ocr_line' id='line_1_42' title="bbox 142 3122 1015 3231; baseline -0.002 -59"><span class='ocrx_word' id='word_1_318' title='bbox 142 3124 268 3231; x_wconf 45' lang='grc' dir='ltr'>’Ἥρη</span> <span class='ocrx_word' id='word_1_319' title='bbox 284 3124 414 3172; x_wconf 88' lang='lat' dir='ltr'>assistance</span> <span class='ocrx_word' id='word_1_320' title='bbox 426 3139 489 3170; x_wconf 87' lang='lat' dir='ltr'>were</span> <span class='ocrx_word' id='word_1_321' title='bbox 505 3133 559 3170; x_wconf 88' lang='lat' dir='ltr'>sent</span> <span class='ocrx_word' id='word_1_322' title='bbox 575 3122 692 3182; x_wconf 87' lang='lat' dir='ltr'>speedily,</span> <span class='ocrx_word' id='word_1_323' title='bbox 705 3123 746 3171; x_wconf 89' lang='lat' dir='ltr'>tbe</span> <span class='ocrx_word' id='word_1_324' title='bbox 759 3123 828 3184; x_wconf 83' lang='lat' dir='ltr'>llight</span> <span class='ocrx_word' id='word_1_325' title='bbox 843 3122 913 3172; x_wconf 90' lang='lat' dir='ltr'>could</span> <span class='ocrx_word' id='word_1_326' title='bbox 928 3131 969 3171; x_wconf 91' lang='lat' dir='ltr'>uot</span> <span class='ocrx_word' id='word_1_327' title='bbox 984 3123 1015 3171; x_wconf 82' lang='lat' dir='ltr'>be</span> 
     </span>
     <span class='ocr_line' id='line_1_43' title="bbox 112 3192 939 3309; baseline -0.002 -21"><span class='ocrx_word' id='word_1_328' title='bbox 112 3192 242 3289; x_wconf 49' lang='lat' dir='ltr'>&#39;tw&#39;l&#39;he</span> <span class='ocrx_word' id='word_1_329' title='bbox 253 3237 312 3309; x_wconf 77' lang='lat' dir='ltr'>king</span> <span class='ocrx_word' id='word_1_330' title='bbox 322 3240 369 3289; x_wconf 86' lang='lat' dir='ltr'>had</span> <span class='ocrx_word' id='word_1_331' title='bbox 380 3239 479 3309; x_wconf 79' lang='lat' dir='ltr'>praeced</span> <span class='ocrx_word' id='word_1_332' title='bbox 489 3255 520 3287; x_wconf 91' lang='lat' dir='ltr'>on</span> <span class='ocrx_word' id='word_1_333' title='bbox 530 3248 621 3308; x_wconf 69' lang='lat' dir='ltr'>agrem</span> <span class='ocrx_word' id='word_1_334' title='bbox 632 3254 670 3287; x_wconf 87' lang='lat' dir='ltr'>wa</span> <span class='ocrx_word' id='word_1_335' title='bbox 697 3239 778 3308; x_wconf 76' lang='lat' dir='ltr'>before</span> <span class='ocrx_word' id='word_1_336' title='bbox 787 3239 939 3307; x_wconf 67' lang='lat' dir='ltr'>theutheus!</span> 
     </span>
     <span class='ocr_line' id='line_1_44' title="bbox 142 3296 1018 3371; baseline -0.001 -24"><span class='ocrx_word' id='word_1_337' title='bbox 142 3306 162 3367; x_wconf 19' lang='lat'>¹¹,</span> <span class='ocrx_word' id='word_1_338' title='bbox 171 3305 178 3326; x_wconf 78' lang='lat'>⁸</span> <span class='ocrx_word' id='word_1_339' title='bbox 187 3300 259 3370; x_wconf 74' lang='lat' dir='ltr'>Clusa</span> <span class='ocrx_word' id='word_1_340' title='bbox 271 3299 346 3371; x_wconf 75' lang='lat' dir='ltr'>ruthe</span> <span class='ocrx_word' id='word_1_341' title='bbox 356 3314 410 3368; x_wconf 81' lang='lat' dir='ltr'>rear</span> <span class='ocrx_word' id='word_1_342' title='bbox 420 3298 447 3346; x_wconf 86' lang='lat' dir='ltr'>os</span> <span class='ocrx_word' id='word_1_343' title='bbox 455 3299 495 3346; x_wconf 86' lang='lat' dir='ltr'>the</span> <span class='ocrx_word' id='word_1_344' title='bbox 506 3297 636 3359; x_wconf 65' lang='lat' dir='ltr'>fugitives!</span> <span class='ocrx_word' id='word_1_345' title='bbox 687 3315 745 3360; x_wconf 72' lang='lat' dir='ltr'>erqo</span> <span class='ocrx_word' id='word_1_346' title='bbox 754 3314 776 3348; x_wconf 88' lang='lat' dir='ltr'>rs</span> <span class='ocrx_word' id='word_1_347' title='bbox 786 3313 811 3347; x_wconf 89' lang='lat' dir='ltr'>ru</span> <span class='ocrx_word' id='word_1_348' title='bbox 822 3297 863 3346; x_wconf 86' lang='lat' dir='ltr'>the</span> <span class='ocrx_word' id='word_1_349' title='bbox 874 3296 960 3358; x_wconf 83' lang='lat' dir='ltr'>plural,</span> <span class='ocrx_word' id='word_1_350' title='bbox 972 3297 1018 3346; x_wconf 78' lang='lat' dir='ltr'>be·</span> 
     </span>
     <span class='ocr_line' id='line_1_45' title="bbox 112 3357 575 3469; baseline -0.009 -61"><span class='ocrx_word' id='word_1_351' title='bbox 112 3357 470 3421; x_wconf 70' lang='lat' dir='ltr'>causesagrentrumrsplursl.</span> <span class='ocrx_word' id='word_1_352' title='bbox 554 3432 575 3469; x_wconf 51' lang='grc' dir='ltr'>ι</span> 
     </span>
    </p>
   </div>
   <div class='ocr_carea' id='block_1_6' title="bbox 0 0 1142 3772">
    <p class='ocr_par' dir='ltr' id='par_1_7' title="bbox 0 0 1142 3772">
     <span class='ocr_line' id='line_1_46' title="bbox 0 0 1142 3772; baseline 0 0"><span class='ocrx_word' id='word_1_353' title='bbox 0 0 1142 3772; x_wconf 95' lang='lat' dir='ltr'> </span> 
     </span>
    </p>
   </div>
  </div>
 </body>
</html>
