2274 3772
379 221 381 224 y
413 208 414 213 ,
459 171 551 210 ornan
572 171 624 211 vn.
940 160 997 215 185

82 279 148 333 clari
159 278 217 332 riri.
253 278 341 332 Multa
359 279 416 330 sine
436 296 498 348 rege
515 297 648 350 prospere,
662 298 709 334 rex
719 299 778 335 stne
791 281 834 333 illo
846 283 910 336 nihil
923 300 997 354 mag·

83 366 134 403 nae
148 349 185 402 rei
197 358 323 418 gesserat.
360 347 525 400 Felicissimo
538 351 600 417 regi,
615 358 642 401 et
653 351 743 402 omnia
754 351 786 402 ad
801 352 919 404 fortunae
933 348 996 407 snae

85 420 201 488 exigenti
213 419 341 486 modum,¹
354 417 490 470 satisfecit.
529 419 597 471 LXX
608 427 688 472 natos
699 437 790 489 annos,
802 420 909 490 juvenis
920 423 997 476 ducis

84 497 111 543 et
123 506 204 559 saepe
216 490 299 540 etiam
309 487 427 557 gregarii
447 487 538 540 militis
551 489 642 540 munia
655 489 786 558 explevit:
805 508 867 542 acer
879 492 996 562 consilio,

84 577 165 613 manu
184 569 315 626 strennus,
335 575 411 610 carus
432 556 602 627 principibus,
623 557 701 626 vulgo
723 560 836 612 militum
856 563 996 630 acceptior.

84 629 158 682 llaec
177 627 328 696 impulerint
348 627 415 679 ilum
434 626 467 680 ad
488 629 561 694 regni
580 627 762 698 cupiditatem,
780 647 814 681 an
834 639 936 682 tantum
956 650 998 683 su-

84 710 204 768 spectum
217 697 336 766 fecerint,
349 697 450 764 ambigi
463 705 555 765 potest,
569 698 631 766 quia
649 697 766 750 Philotas
784 698 886 751 ultimis
898 703 997 752 orucia-

84 770 155 822 tibus
167 769 253 820 victus
266 784 362 820 verane
382 767 484 834 dixerit,
500 783 569 834 quae
589 767 659 818 facta
678 767 780 837 probari
800 786 850 820 non
870 781 996 838 poterant,

83 839 116 891 an
130 837 214 890 salsis²
227 846 414 906 tormentorum
434 835 539 904 petierit
551 835 642 905 finem,
657 853 683 888 re
692 853 801 906 'qnoque
814 841 921 908 recenti,
935 857 997 893 cum

82 909 169 976 magis
182 916 269 975 posset
282 905 391 975 liquere,
405 904 555 959 dubitatum
567 912 616 958 est.

121 982 160 1030 1⁰.
180 975 340 1044 Alexander,
354 991 420 1042 quos
438 973 520 1025 libere
539 986 650 1027 mortem
670 975 852 1028 Parmenionis
870 995 996 1046 conques-

84 1056 123 1098 tos
142 1064 202 1099 esse
222 1054 394 1113 compererat,
414 1043 575 1113 separandos
592 1062 608 1095 a
627 1047 852 1099 ccter0¹exercitu
872 1057 950 1114 ratus,
970 1046 1001 1100 in*

83 1133 164 1174 unam
183 1114 318 1167 cohortem
337 1114 458 1182 secrevit,
471 1113 622 1183 ducemque
642 1111 685 1166 his
705 1114 850 1168 Leonidam
870 1116 951 1184 dedit,
970 1127 997 1170 et

84 1177 172 1255 ipsum
197 1182 364 1236 Parmenioni
389 1182 523 1252 quondam
551 1183 644 1236 intima
668 1182 847 1236 familiaritate
872 1185 996 1254 conjunc·

84 1265 160 1308 turn..
183 1254 253 1309 ‚Fere
267 1252 349 1305 iidem
362 1262 443 1320 erant,
457 1269 524 1321 quos
535 1251 652 1322 alioquin
667 1270 713 1306 rex
730 1253 860 1307 habuerat
879 1256 998 1307 invisos.¹⁸

83 1326 153 1378 Nam
178 1341 241 1376 cum
265 1322 376 1392 experiri
398 1321 485 1374 Vellet
510 1322 624 1378 rnilitum
648 1321 760 1391 animos,
781 1323 926 1392 admonuit,
949 1326 995 1394 qui

82 1395 183 1446 litteras
195 1395 220 1446 in
233 1391 423 1447 Macedoniam
435 1391 469 1443 ad
482 1408 543 1444 suos
556 1392 712 1462 scripsisset,
727 1391 775 1462 his,
789 1410 855 1462 quos
867 1393 923 1464 ipse
936 1395 996 1446 mit·

83 1463 163 1532 tebat,
186 1461 326 1533 perlaturis
346 1478 408 1514 oum
428 1459 489 1530 fide,
511 1461 634 1514 traderet.
672 1461 831 1532 Simpliciter
847 1464 882 1516 ad
904 1463 998 1518 neces·⁴

82 1535 163 1586 sorios
183 1535 255 1586 suos⁴
273 1532 385 1600 quisque
404 1531 551 1599 scripserat,
571 1548 639 1599 quae
659 1532 806 1584 sentiebat:
828 1533 889 1586 aliis
905 1534 996 1602 gravis
1083 1549 1089 1562 ¹

81 1615 145 1673 erat,
159 1603 290 1673 plerisque
303 1618 353 1653 nou
373 1601 474 1668 ingrata
493 1600 596 1653 militia.
633 1601 673 1653 Ita
694 1611 720 1653 et
738 1603 876 1671 agentium
896 1604 995 1672 gratias

80 1682 107 1725 et
126 1669 292 1742 querentium
312 1670 416 1723 litterae
436 1681 564 1739 exceptae
584 1679 653 1722 sunt.
692 1671 724 1724 Et
737 1672 783 1740 qui
797 1671 861 1725 forte
875 1674 993 1726 taedium

81 1743 178 1796 laboris
199 1759 245 1812 per
263 1741 366 1794 litteras
386 1746 460 1790 erant
481 1740 576 1808 questi,
600 1740 668 1792 hanc
689 1742 804 1810 seorsus⁶
821 1742 957 1796 cohortem
977 1759 994 1795 a

80 1813 177 1864 ceteris
194 1810 304 1864 tendere
323 1807 484 1876 ignominiae
497 1826 577 1861 causa
587 1808 671 1878 jubet,
685 1809 837 1862 fortitudine
856 1828 950 1864 usurus
968 1812 992 1864 in

80 1882 150 1934 bello
163 1881 313 1934 libertatem
333 1877 438 1956 linguae
456 1877 491 1930 ab
508 1877 615 1930 auribus
633 1878 749 1931 credulis
768 1888 922 1932 remoturus.
959 1881 994 1934 Et

80 1951 229 2018 consilium,
254 1956 425 2001 temerarium
449 1946 556 1999 forsitan
580 1947 690 2018 (qnippe
714 1947 850 2000 fortissimi
877 1949 995 2019 juvenes

81 2019 248 2072 contumeliis
264 2015 361 2069 irritati
374 2016 469 2085 erant),
483 2016 550 2068 siout
569 2017 658 2068 omnia
676 2016 729 2068 alia
742 2016 856 2070 felicitas
867 2021 937 2087 regis
949 2036 995 2084 ex·

80 2089 170 2159 cepit.⁶
205 2087 278 2141 Nihil
291 2087 342 2138 illis
354 2083 388 2137 ad
401 2085 473 2139 bella
484 2085 629 2154 promptius
638 2085 695 2138 fuit.
732 2086 859 2140 Incitabat
869 2089 993 2143 virtutem

81 2173 107 2212 et
121 2158 281 2227 ignominiae
292 2154 444 2207 demendae
456 2156 561 2225 cupido,
574 2164 601 2207 et
613 2157 676 2224 quia
688 2155 764 2209 fortia
776 2157 846 2210 facta
859 2158 885 2210 in
901 2160 996 2228 paucis

81 2229 163 2280 latere
175 2243 227 2279 non
243 2233 371 2296 poterant.
879 2260 882 2267 f

118 2304 157 2352 11.
177 2298 225 2349 His
237 2298 273 2348 ita
286 2295 444 2364 compositis,
458 2293 617 2363 Alexander,
632 2295 791 2348 Arianorum
809 2305 913 2366 satrape
932 2314 993 2350 con·

80 2368 177 2435 stituto,
196 2367 246 2418 iter
264 2364 424 2434 pronuntiari
444 2363 520 2433 jubet
540 2365 564 2416 in
585 2365 835 2434 Arimaspos,⁷quos
854 2365 909 2434 jam
929 2375 992 2419 tunc

80 2447 181 2489 mutato
205 2435 310 2487 nomine
335 2435 482 2501 Euergetas
504 2433 682 2502 appellabant,
702 2452 737 2487 ex
755 2452 807 2502 quo
825 2435 921 2502 frigore
939 2436 993 2488 vic·

80 2518 177 2575 tusqna
195 2503 305 2574 penuria
323 2502 384 2572 Cyri
403 2501 550 2555 exercitum
568 2502 695 2555 affectum
709 2505 787 2556 tectis
799 2514 825 2555 et
838 2505 993 2558 commeati-

80 2577 131 2629 bus
148 2576 279 2645 juverant.
316 2571 498 2630 Quintusdies
510 2581 574 2642 erat,
588 2580 616 2623 ut
629 2571 655 2623 in
669 2589 728 2624 eam
750 2574 882 2641 regionem
902 2592 993 2644 perve-

80 2655 163 2697 nerat.
200 2643 339 2711 Cognoscit
362 2641 568 2710 Satibarzanem,
589 2641 634 2709 qni
657 2642 692 2693 ad
716 2640 829 2695 Bessum
848 2643 992 2714 defecerat,

79 2733 142 2769 oum
161 2715 282 2784 equitum
304 2728 385 2765 manu
404 2711 529 2780 irrupisse
548 2728 637 2765 rursus
650 2712 675 2764 in
689 2713 774 2764 Arios.
810 2713 904 2781 Itaque
917 2715 993 2767 Cara·

892 2803 991 2810 -...—-.

109 2844 115 2865 ¹
127 2837 211 2944 dtho
220 2834 312 2917 jnqged
323 2833 350 2882 of
356 2831 501 2894 everything
511 2832 638 2894 according
649 2842 674 2880 to
685 2832 727 2881 the
738 2848 848 2881 measure
857 2835 885 2884 of
891 2835 929 2884 his
937 2852 993 2885 own

79 2914 135 2986 ἕοῦο*
144 2907 254 3016 qutsqpsee
265 2952 432 3002 consessions.'
564 3011 569 3020 Ι
703 3014 706 3019 ,
882 2966 884 2971 ’

108 3021 120 3087 ἦ
130 3023 135 3041 ¹
145 3016 211 3088 Who
223 3014 269 3062 had
281 3010 427 3085 b?⁰.¹¹.h²¹fed
442 3011 476 3070 by
486 3009 528 3059 the
544 3011 604 3071 lrnrg
620 3026 651 3058 on
666 3010 736 3059 other
746 3014 878 3090 accounts!
911 3013 992 3062 Habeo

79 3074 576 3236 n,qqqqrpqqqpaqreqrsqpqupreeq,ivalent
593 3140 618 3176 to
633 3133 769 3200 propinqui.
800 3129 937 3181 Necessarir'
950 3147 995 3183 ars

79 3193 691 3312 peis‘odldpdidieiiil'omFddthiedeiii’saticooriuiriciiiii
705 3249 752 3298 sud
769 3248 862 3298 similar
876 3248 988 3306 odrerbs‚

79 3328 119 3360 see
133 3313 212 3360 Grnm.
225 3312 238 3364 b
249 3315 300 3360 224.
451 3367 456 3376 Ι

107 3378 115 3401 ⁸
129 3370 270 3440 ‘Followed
281 3386 307 3417 or
317 3367 506 3476 accompsnred!
761 3428 766 3442 ι

107 3430 149 3478 Ἀ
160 3433 221 3478 urbe
232 3430 315 3478 crithe
327 3443 390 3476 rrrer
424 3425 558 3486 tymauder‚
571 3425 613 3474 the
624 3425 724 3475 modern
734 3426 857 3478 Hrlmend,
