2274 3772
151 42 207 98 ree
414 53 454 94 na
476 53 581 93 essars
602 52 786 95 rauranum.
885 47 888 52 ’

148 165 286 216 meruerint.
320 166 355 213 At
373 162 507 227 parricidas
526 168 663 225 promptum
683 161 785 210 exitium
805 167 974 224 consequatur,
990 163 1056 226 quod

148 232 288 283 Alexander
305 229 429 294 irrogabit,
446 228 467 276 si
484 243 533 275 non
552 227 720 275 misericordia
740 225 845 275 infelicis
865 228 948 286 hostis,
965 229 1056 277 saltem

148 297 204 345 odio
219 295 363 353 facinorum,
374 299 400 342 et
409 310 440 342 ne
452 292 573 355 impunita
589 293 615 340 in
632 292 734 341 aliorum
751 293 826 340 etiam
838 309 924 356 regum
936 308 1056 358 suumque

149 361 226 424 ipsius
236 361 337 408 exitium
349 366 481 421 erumpant
508 357 567 405 Post
577 357 645 416 baec,
655 373 710 406 oum
722 357 763 405 siti
775 363 914 422 angeretur,
926 359 1001 407 allata
1013 375 1057 422 per

149 425 314 490 Polystratum
326 441 389 488 aqua
400 429 529 481 recreatus,
540 421 615 486 Ergo,
627 422 669 481 ait,
680 422 743 470 hano
755 423 830 471 etiam
841 424 917 471 tantis
928 423 1056 473 calamita-

149 491 214 540 tibus
228 497 363 547 extremam
381 491 496 539 accedere
512 487 624 551 oportuit,
635 494 663 536 ut
674 489 734 536 bene
746 488 833 536 merito
844 490 950 553 gratiam
963 491 1055 539 referre

149 571 198 604 non
216 557 319 618 possim:
338 561 363 603 at
374 555 461 605 referet
471 553 623 612 Alexander3
641 553 780 602 Alexandro
790 569 847 602 vero
861 553 903 602 dii.
937 555 1056 604 Dextram

150 621 237 670 deinde
259 622 388 684 protendit,
410 634 512 681 eamque
532 619 675 676 Alexandro,
697 616 753 667 fidei
775 619 858 682 regiae
880 620 976 684 pignus,
997 621 1055 670 ferri

150 688 248 753 Jubens,
260 687 410 748 apprehema
427 683 556 748 Polystrati
574 700 650 732 manu
664 684 774 733 animam
785 684 882 733 efflavit.
916 687 1056 736 Alexander

151 768 183 800 an
200 753 302 814 spiranti
321 751 401 800 adhuc
418 749 588 812 supervenerit,
600 749 720 798 incertum
731 757 782 798 est:
800 748 859 798 illud
871 757 972 810 constat,
984 752 1057 800 mise.

151 818 222 866 rabili
234 818 301 881 regis
312 815 489 879 opulentissimi
500 813 568 863 exitu
578 820 708 876 comperto,
720 816 828 877 copiosas
846 816 961 865 lacrimas
977 819 1057 880 profu-

151 883 223 940 disse,
235 883 365 945 statimque
377 881 506 944 chlamyde
515 879 561 928 sibi
573 880 681 928 detracta
690 894 778 942 ‘corpus
789 881 917 943 operuisse,
929 889 954 930 et
965 899 1058 948 magno

151 964 208 995 cum
219 948 310 1008 honore
322 949 353 996 ad
365 944 519 996 suosdeferri
530 945 641 1010 jussisse,
652 951 679 994 ut
690 945 759 1010 regio
769 946 898 995 Persarum
909 964 976 997 more
988 965 1056 999 cura·

151 1019 203 1060 tum
214 1013 378 1062 monumentis
385 1014 505 1077 majorum
517 1010 652 1060 inferretur.
681 1011 886 1075 Ingratitudinem
897 1013 1031 1073 hominum,
1040 1033 1056 1064 a

151 1078 206 1140 quis
221 1095 264 1140 pro
280 1079 383 1127 summis
395 1076 519 1126 beneficiis
531 1077 626 1124 crudele
637 1076 738 1125 exitium
750 1077 845 1126 Dareus
856 1079 962 1141 pertulit,
973 1097 1056 1143 quam.

150 1159 224 1206 quam
243 1151 326 1206 suopte
345 1144 445 1208 ingenio
463 1143 608 1191 horrendam
628 1147 654 1190 et
672 1142 854 1203 exsecrabilem,
871 1144 1010 1210 insigniore
1024 1149 1056 1196 ed

152 1211 316 1271 posteritatem
334 1209 438 1258 infamia
455 1207 579 1258 damnavit
595 1207 664 1257 canis
681 1208 806 1284 cujusdam
818 1207 881 1257 mira
893 1208 962 1272 fides,
972 1212 1014 1276 qui
1025 1214 1057 1262 ab

150 1275 263 1323 omnibus
280 1274 441 1323 familiaribus
453 1273 566 1322 derelicto
578 1273 641 1321 solus
653 1273 737 1331 adfuit,
748 1278 773 1321 et
783 1289 857 1335 quam
868 1273 895 1322 in
905 1275 986 1326 vivum
998 1294 1057 1341 prae

151 1356 178 1388 se
189 1341 245 1388 tulit
253 1340 451 1398 benevolentiam,
459 1337 573 1386 morienti
581 1354 672 1401 quoque
681 1344 819 1387 constanter
827 1342 955 1402 praestitit.
983 1344 1058 1394 Hunc

151 1404 214 1452 vitae
226 1405 298 1453 tinem
311 1405 410 1463 sortitam
421 1410 458 1457 est
469 1403 517 1462 ille,
527 1418 598 1465 quem
610 1404 682 1452 modo
694 1404 841 1452 contumelia
852 1407 916 1456 affioi
931 1411 1058 1471 putabant,

152 1469 199 1517 uisi
211 1485 294 1533 regem
306 1485 401 1534 regum,
412 1475 436 1518 et
450 1470 549 1526 deorum
566 1469 774 1534 consanguineum
791 1467 939 1527 salutarent:
956 1491 1058 1540 magno·

151 1549 198 1596 que
215 1535 302 1584 iterum
320 1535 486 1597 experimento
502 1536 659 1596 approbatum
676 1539 720 1592 est,
733 1535 858 1585 neminem
875 1539 956 1603 magis
972 1546 1057 1602 patere

151 1599 268 1659 fortunae,
275 1616 348 1663 quam
357 1600 399 1663 qui
406 1600 514 1663 pluribus
521 1600 630 1666 ejusdem
638 1598 763 1658 blanditiis
770 1600 884 1663 irretitus,
892 1605 980 1671 jugam
992 1605 1059 1657 illim

151 1667 304 1718 totsccrrice
315 1665 450 1731 receperit]
765 1684 767 1688 ⁷
