2274 3772
465 167 557 207 ursan
577 167 616 208 vr.
940 153 996 210 m

90 273 162 327 cidit.
198 275 276 328 Hunc
295 291 345 326 vos
363 291 472 342 regnare
496 275 648 344 patiemini.
675 293 756 344 quarn
777 276 902 346 equidem
922 279 995 331 cruci

89 343 199 397 affixum
212 344 302 397 videre
319 343 421 411 festino,
435 344 557 397 omnibus
570 345 674 412 regibus
685 347 860 415 gentibusque
880 356 905 398 et
926 346 994 417 fidei,

90 429 170 481 quam
194 413 307 482 violavit,
333 414 440 465 meritas
463 431 562 482 poenas
586 414 740 466 solventem.
777 417 812 468 Ar
837 415 950 485 hercule,
973 419 995 471 ai

91 498 152 534 mox
172 484 287 536 eundern
311 483 472 535 Graecorum
494 483 572 536 urbes
594 494 640 535 aut
663 484 878 552 hellespontum
893 498 995 538 vastare

89 552 237 614 nuntiatum
250 553 299 603 erit
312 552 393 619 vobis,
407 569 458 621 quo
471 552 559 605 dolore
571 553 732 621 efficiemini,
751 554 862 605 Bessum
878 556 996 622 praemia

89 631 192 674 vestrae
201 623 375 690 occupavisse
388 621 531 673 victoriae?
566 623 642 673 Tunc
654 623 687 673 ad
702 624 858 690 repetendas
870 640 911 674 res
923 624 996 677 festi·

90 691 192 758 nubitis,
214 699 276 742 tunc
294 707 368 742 arma
387 691 504 759 capietis.
541 691 654 748 Quanro²
671 701 762 744 autern
782 700 905 761 praestat,
922 694 995 746 terri-

90 768 144 812 tum
161 758 249 811 adhue
260 769 287 812 et
300 759 345 812 vix
359 761 456 812 mentis
474 776 538 811 suae
556 769 705 829 compotem
723 762 890 829 opprimeref
926 761 996 820 Qua-

90 829 167 881 tridui
188 829 265 881 nobis
285 829 334 880 iter
354 838 481 897 superest,
500 829 545 896 qui
566 837 602 880 tot
624 829 834 897 proculcavimus
854 831 937 900 nives,
958 840 995 884 tot

89 915 184 950 amnes
212 897 403 968 superavimus,
435 906 471 949 tot
500 898 629 950 montium
661 898 724 967 juga
754 901 994 953 transcucurrimus.

89 968 147 1020 Non
177 984 252 1019 mars
278 966 349 1035 illud,
375 967 445 1034 quod
474 976 633 1019 exaestuans
656 969 705 1019 iter
728 968 852 1021 fluctibus
874 978 993 1039 occupat,

89 1045 183 1088 euntes
196 1054 242 1088 nos
254 1037 450 1103 moratur,⁸n0n
470 1036 578 1088 Ciliciae
598 1037 689 1089 fauces
709 1047 735 1089 et
754 1039 891 1105 angustiae
910 1039 994 1091 inclu-

90 1104 170 1157 dunt:
190 1105 268 1174 plana
280 1105 369 1157 omnia
381 1114 407 1156 et
427 1122 507 1174 prona
525 1113 594 1157 sunt.
630 1107 659 1159 Iu
681 1106 737 1174 ipso
757 1106 849 1158 limine
869 1108 994 1161 victoriae

90 1183 200 1226 stamus.
242 1176 323 1228 Pauci
349 1174 425 1227 nobis
450 1174 553 1242 fugitivi
577 1184 604 1226 et
627 1175 726 1227 domini
750 1176 790 1228 sui
814 1176 996 1230 interfectores

90 1252 238 1312 supersunt.
268 1242 414 1311 Egregium
426 1242 578 1296 mehercule
590 1260 663 1312 opus,
674 1253 701 1295 et
713 1245 779 1297 inter
791 1246 884 1312 prirna⁴
895 1245 994 1313 gloriae

92 1322 194 1364 vestrae
217 1313 418 1379 numerandum,
444 1314 588 1380 posteritati
612 1314 754 1382 famaeque
780 1314 895 1381 tradetis,
916 1316 994 1368 Darei

90 1398 195 1450 quoque
208 1383 295 1450 hostis,
310 1381 382 1433 finito
402 1392 459 1460 post
480 1391 592 1434 mortem
611 1382 682 1435 illius
701 1383 767 1448 odio,
781 1383 923 1452 parricidas
936 1401 994 1442 esse

90 1466 136 1502 vos
157 1451 231 1519 ultus,
246 1452 378 1504 neminem
401 1452 511 1518 rmpiurn
534 1451 659 1519 effugisse
680 1463 781 1505 vestras
801 1471 914 1505 manus,
939 1454 994 1506 lloe

89 1530 243 1599 perpetrato,
257 1529 354 1588 quanto
373 1521 482 1572 creditis
501 1521 596 1573 Persas
614 1521 830 1590 obsequentiores
850 1521 912 1589 fore,
932 1540 993 1576 cum

90 1589 270 1644 intellexerint.
283 1607 330 1642 vos
348 1589 391 1656 pia
414 1590 484 1642 bella
506 1591 647 1660 suscipere,
667 1601 693 1642 et
718 1591 792 1644 Bessi
816 1591 917 1661 sceleri,
942 1609 993 1646 non

89 1659 188 1711 nomini
201 1676 255 1727 suo,
270 1659 365 1711 irascif

126 1733 164 1779 10.
183 1728 292 1780 Summa
308 1728 423 1780 militum
444 1727 586 1795 alacritate,
599 1728 757 1797 jubentium,
770 1730 926 1798 quoeunque
939 1731 996 1786 veh

89 1795 133 1866 let,
146 1797 251 1865 ducere,
265 1798 346 1849 oratio
358 1805 471 1865 excepta
483 1808 531 1849 est.
568 1799 625 1850 Nec
643 1814 689 1850 rex
711 1808 826 1850 moratus
846 1798 990 1867 impetum:

89 1866 218 1935 tertioque
238 1884 284 1935 per
303 1865 459 1918 Parthienen
481 1867 577 1918 dicad
598 1868 665 1918 fines
686 1867 844 1934 Hyrcaniae⁵
863 1876 990 1936 penetrat,
1072 1922 1076 1930 ,

89 1935 193 1987 Cratero
207 1935 296 1986 relicto
313 1952 375 1987 curn
393 1935 426 1986 iis
444 1935 532 2002 copiis,
546 1935 642 2004 quibus
661 1945 788 2004 praeerat,
803 1943 829 1986 et
849 1953 882 1986 ea
902 1953 990 2006 manu,

105 2021 166 2056 uam
186 2008 317 2072 Amyntas
335 2003 456 2071 ducebat,
470 2003 568 2057 additis
587 2005 720 2056 sexcentis
739 2003 872 2072 equitibus
889 2013 916 2056 et
934 2007 991 2058 toti-

88 2020 151 2125 dem
164 2073 311 2142 sagittariis,
326 2083 352 2124 ut
364 2073 398 2125 ab
411 2072 558 2124 incursione
571 2073 747 2136 barbarorum,
759 2073 916 2126 Parthienen
936 2083 992 2127 tue·

88 2153 166 2194 retur.
189 2142 326 2211 Erigyium
336 2142 534 2210 impedimenta,
542 2143 647 2195 modico
675 2143 860 2211 raesidiodato,
871 2161 992 2212 campes-

88 2211 120 2262 tri
133 2212 227 2263 itinere
239 2212 337 2264 ducere
356 2211 439 2280 jubet.
475 2213 535 2280 lpse
555 2229 616 2264 cum
638 2159 767 2281 pbalangc
780 2223 806 2264 et
819 2213 935 2280 equitatu
949 2214 991 2266 CL

89 2279 172 2331 stadia
184 2298 316 2349 emensus,
330 2290 415 2333 castra
427 2281 451 2333 in
466 2281 542 2348 valle,
552 2299 605 2350 qua
617 2282 777 2350 Hyrcaniam
790 2281 908 2350 adeunt,6
920 2299 1001 2335 com-f

87 2350 180 2400 munit.
216 2351 319 2402 Nemus
332 2350 455 2418 praealtis
466 2349 608 2419 densisque
621 2350 756 2402 arboribus
768 2351 920 2405 umbrosum
941 2361 989 2419 est,

88 2420 185 2486 pingue
198 2419 275 2470 vallis
293 2418 376 2471 solum
398 2419 542 2486 rigantibus
562 2420 645 2486 aquis,
662 2436 730 2486 quae
751 2437 785 2471 ex
805 2419 886 2487 petris
906 2419 990 2471 immi-

88 2487 210 2540 nentibus
233 2498 349 2540 manant.
393 2488 433 2540 Ex
463 2488 526 2556 ipsis
556 2487 687 2540 radicibus
717 2487 846 2540 montium
877 2488 992 2540 Ziobetis

87 2557 173 2609 amnis
193 2556 345 2622 effunditur,
367 2557 412 2624 qui
433 2557 481 2608 tria
500 2555 555 2608 fere
575 2555 659 2607 stadia
678 2555 704 2608 in
725 2556 916 2623 longitudinem
936 2557 991 2610 uni·

87 2642 178 2678 versus
199 2626 265 2694 fluit,
287 2625 383 2677 deinde
405 2642 474 2691 saue,
494 2625 563 2693 quod
583 2625 713 2677 alveolum
736 2625 891 2694 interpellat,
906 2643 992 2695 reper-

116 2777 122 2798 ¹
135 2770 251 2830 Properly
262 2768 355 2874 applied
367 2779 391 2816 to
402 2769 443 2815 the
454 2768 530 2836 struit,
544 2769 586 2815 but
598 2767 663 2823 here,
677 2783 703 2815 as
714 2767 857 2828 frequently,
871 2769 888 2815 it
900 2769 920 2818 is
931 2771 991 2818 used

87 2845 113 2876 as
124 2829 164 2875 tho
177 2845 271 2876 narneo
296 2829 336 2874 the
349 2839 427 2874 cousts
439 2827 566 2887 adjornrng.

115 2899 124 2922 ²
136 2894 171 2940 Or
181 2903 301 2953 quantum.
334 2893 379 2939 See
393 2892 489 2950 Zumpt,
503 2891 515 2942 h
527 2895 579 2946 488,
593 2902 648 2938 note
660 2895 682 2951 2.

115 2964 124 2986 ³
135 2958 172 3005 He
183 2957 257 3004 refers
268 2967 293 3003 to
304 2957 344 3004 the
355 2956 489 3004 successful
498 2956 578 3003 march
590 2956 661 3015 along
672 2955 712 3002 the
724 2966 790 3002 coast
802 2965 826 3003 to
837 2955 989 3017 Pamphylia,

87 3027 149 3065 asto
160 3016 238 3065 which
250 3031 290 3062 see
302 3031 325 3062 v.
339 3020 373 3062 12.
426 3060 428 3065 .

116 3087 124 3109 ⁴
135 3080 259 3138 Literully‚
275 3086 376 3138 ‘among
387 3079 427 3125 the
440 3077 488 3125 first
501 3088 566 3136 parts
577 3078 605 3125 of
612 3094 671 3137 your
681 3079 772 3138 glory:’
783 3077 833 3126 that
845 3079 874 3135 is,
890 3084 992 3138 ‘among

89 3155 147 3199 your
157 3149 220 3186 most
232 3139 363 3186 illustrious
374 3137 456 3192 deeds,
470 3153 529 3196 your
540 3148 602 3184 most
614 3137 718 3197 glorious
729 3138 849 3195 explens!

117 3214 159 3260 *A
171 3213 262 3261 district
277 3228 307 3259 on
318 3213 359 3259 the
372 3212 477 3271 Caspiun
488 3226 514 3258 or
525 3211 660 3270 Hyrcanian
673 3212 726 3260 Sca.
758 3212 779 3260 lt
792 3228 843 3258 was
854 3221 894 3258 not
911 3211 935 3257 in
951 3210 992 3257 the

88 3271 161 3320 direct
174 3288 258 3320 course
274 3273 301 3319 of
314 3271 453 3318 Alexander
463 3271 567 3330 pusbing
576 3286 608 3318 on
618 3271 746 3327 eastward,
759 3272 832 3331 being
847 3268 951 3316 situated
967 3278 992 3316 to

89 3331 129 3379 the
140 3331 210 3378 north
221 3330 248 3379 of
261 3331 366 3378 Parthia.
421 3366 423 3370 Α

116 3401 126 3426 ⁶
139 3399 145 3421 ‘
156 3393 273 3455 Through
285 3393 363 3442 which
375 3393 419 3442 lies
429 3393 471 3442 the
482 3408 536 3454 way
546 3403 571 3441 to
583 3393 720 3454 Hyrcania)
