2274 3772
158 156 216 210 ala
424 167 463 207 na
486 167 591 208 cassis
613 167 796 208 inrxsnnat.

159 279 283 335 tiarentur,
294 276 450 339 procurandis
461 276 493 324 iis
509 276 604 325 Graeco
620 276 694 324 simul
710 276 860 338 barbaroque
878 275 931 324 ritu
951 276 1075 326 continua

158 360 227 392 sacra
239 343 304 390 iacta
316 348 380 391 sunt.
413 341 497 404 Neque
509 347 592 389 tamen
609 342 700 405 expiari
717 346 884 403 praeterquam
902 347 985 390 morte
1004 343 1075 408 regis

159 417 263 471 potuere.
291 407 340 464 Qui
353 423 408 455 curn
420 405 561 454 Nearchum
572 409 706 470 excepisset
717 405 832 464 convivio,
840 405 945 470 jamque
958 407 1074 457 cubitum

158 474 234 522 iturus
251 480 324 531 esset,
341 472 418 520 Medii
437 471 559 521 Larissaei
576 473 670 522 obnixis
688 472 798 535 precibus
817 470 891 528 dedit,
912 477 942 519 ut
962 472 993 519 ad
1014 489 1073 522 eum

158 539 314 587 comissatum
332 537 433 585 veniret.
465 537 513 586 Ubi
530 544 654 601 postquam
673 543 724 586 tota
741 543 812 585 nocte
831 542 993 598 perpotasset,
1007 539 1074 587 male

157 603 246 652 habere
258 604 342 666 coepit
370 603 544 668 Ingravescens
556 603 643 652 deinde
655 605 752 652 morbus
760 603 820 650 adeo
831 617 919 650 omnes
927 603 994 650 vires
1006 603 1074 652 intra

157 674 252 717 sextum
263 669 329 716 diem
342 668 460 727 exhausit,
472 674 499 716 ut
510 684 540 715 ne
552 669 617 718 vocis
628 669 725 731 quidem
740 673 845 728 potestas
861 673 935 715 esset.
971 667 1073 717 Interea

158 734 254 792 milites,
263 733 426 782 sollicitudine
434 733 600 796 desiderioque
610 736 662 798 ejus
671 734 746 793 anxii,
753 748 875 795 quaquam
885 734 1073 782 obtestantibus

157 799 266 858 ducibus,
277 816 308 846 ne
319 798 491 857 valetudinem,
503 800 569 861 regis
586 803 722 858 onerarent,
733 803 912 860 expresserunt,
923 803 953 846 ut
970 799 997 847 in
1016 815 1072 848 con-

157 871 267 926 spectum
279 866 332 929 ejus
344 864 536 912 admitterentur.

195 1003 233 1049 14.
259 997 425 1050 Intuentibus
442 996 568 1050 lacrimae
585 997 692 1050 obortae
710 997 855 1067 praebuere
873 997 997 1066 speciem
1015 997 1069 1068 jam

158 1083 206 1119 non
220 1082 318 1135 regem,
332 1068 379 1119 sed
396 1067 476 1119 sunus
487 1065 546 1135 ejus
557 1068 667 1120 visentis
678 1067 817 1120 exercitus.
854 1066 966 1119 Maeror
978 1077 1069 1120 tamen

158 1137 384 1189 circumstantium
401 1136 499 1188 lectum
515 1135 666 1189 eminebat:
685 1152 751 1206 quos
769 1146 797 1188 ut
816 1153 862 1189 rex
879 1135 1016 1206 adspexit,
1030 1138 1068 1190 lu·

158 1206 278 1274 venietis,
293 1205 385 1275 inquit,
398 1222 459 1257 cum
478 1221 623 1273 excessero,
636 1205 745 1273 dignum
759 1204 856 1264 talibus
867 1205 934 1258 viris
946 1207 1068 1275 regeml¹

159 1274 314 1327 Incredibile
337 1275 409 1327 dictu
432 1275 585 1344 audituque,
610 1274 636 1326 iu
659 1275 755 1329 eodem
779 1273 871 1328 habitu
893 1276 1023 1344 corporis,
1044 1276 1068 1328 in

157 1362 236 1466 auem
249 1360 278 1396 se
291 1352 487 1413 composuerat,
494 1361 557 1396 curn
569 1343 731 1396 admissurus
741 1343 843 1396 milites
853 1353 935 1412 esset,
949 1343 1068 1412 durasse,

176 1431 241 1465 nnec
253 1430 269 1464 a
282 1423 335 1464 toto
347 1415 464 1465 exercitu
482 1412 547 1465 illud
565 1412 688 1465 ultimum
742 1413 883 1466 rsalutatus
899 1421 961 1466 est:
979 1414 1068 1466 dimie

157 1499 239 1549 soque
251 1482 336 1548 vulgo,
350 1481 424 1534 velut
436 1483 507 1533 omni
520 1482 591 1534 vitae
604 1482 693 1534 debito
719 1481 843 1550 iberatus,
857 1482 972 1550 fatigata
984 1499 1068 1536 menr-

157 1551 203 1601 bra
228 1549 327 1618 rejecit.
364 1550 525 1618 Propiusque
548 1550 622 1602 adire
644 1551 725 1620 jussis
747 1551 841 1605 amicis
865 1554 941 1620 (nam
966 1561 994 1604 et
1019 1568 1067 1604 vox

157 1619 270 1670 deficere
287 1617 342 1686 jam
360 1619 502 1688 coeperat),
519 1618 665 1672 detractum
683 1621 793 1674 anulum
810 1619 900 1688 digito,
922 1620 1066 1687 Perdiccae

157 1687 272 1755 tradidit,
291 1687 560 1756 adjectismandatis,
580 1698 607 1740 ut
625 1706 721 1761 corpus
737 1705 816 1743 suum
832 1689 867 1742 ad
885 1689 1065 1743 Hammonem

158 1757 218 1809 terri
237 1756 368 1826 juberent.
404 1755 598 1815 Quaerentibus
618 1757 668 1828 his,
689 1758 732 1811 cui
752 1759 915 1827 relinqueret
935 1759 1065 1828 regnum?

158 1824 297 1895 respondit,
311 1825 344 1894 ei,
360 1825 404 1894 qui
423 1834 494 1878 esset
512 1827 642 1895 optimus,
660 1838 779 1881 ceterum
796 1827 938 1897 providere
954 1827 1011 1898 jam
1029 1843 1064 1896 se,

157 1896 191 1948 ob
209 1895 235 1947 iti
254 1896 400 1947 certamen²
416 1912 527 1963 magnos
544 1896 670 1949 funebres
684 1896 761 1949 ludos
807 1898 858 1949 rari
870 1897 951 1949 sibin
970 1899 1066 1950 Rursus

159 1965 285 2017 Perdicca
303 1965 478 2032 interrogante
505 1966 609 2034 qnando
627 1966 757 2018 coelestes
792 1982 886 2018 onores
902 1965 999 2018 haberi
1017 1966 1064 2019 sibi

158 2034 256 2085 veliet?
277 2034 349 2101 dixit,
369 2043 426 2086 tum
444 2003 522 2103 veile,
541 2052 603 2086 cum
622 2034 671 2103 ipsi
691 2034 784 2088 felices
801 2043 898 2088 essent.
937 2035 1065 2105 Suprema

159 2103 225 2154 haec
238 2119 288 2154 vox
300 2103 350 2154 suit
364 2103 438 2171 regis,
452 2112 479 2155 et
491 2104 569 2171 paulo
581 2113 638 2172 post
651 2104 831 2172 extinguitur.8

195 2177 233 2222 15.
251 2173 291 2222 Ac
303 2172 386 2238 primo
399 2171 499 2239 ploratu
516 2170 691 2240 lamentisque
710 2183 735 2226 et
753 2172 913 2242 planctibus⁴
927 2182 983 2226 tota
995 2172 1066 2241 regia

158 2240 327 2307 personabat:
348 2256 409 2291 mox
421 2240 494 2292 velut
508 2241 534 2292 in
545 2248 621 2294 vasta
637 2241 782 2301 solitudine
796 2243 885 2295 omnia
901 2245 972 2296 tristi
990 2243 1066 2295 silen-

158 2310 191 2359 tio
216 2316 290 2360 muta
313 2309 457 2377 torpebant,
478 2309 512 2361 ad
537 2311 716 2379 cogitationes,
738 2311 801 2380 quid
824 2310 923 2364 deinde
948 2313 1066 2365 futurum

157 2387 234 2446 esset,
248 2378 336 2430 dolore
348 2394 483 2430 converso.
519 2380 630 2432 Nobiles
645 2381 719 2449 pueri
731 2380 867 2434 custodiae
879 2383 998 2450 corporis
1010 2380 1068 2450 ejus

156 2448 256 2500 assueti
274 2465 324 2500 nec
341 2446 438 2503 doloris
456 2449 667 2516 magnitudinem
685 2467 787 2518 capere,
801 2466 851 2502 nec
868 2466 897 2500 se
914 2449 924 2501 i
945 2468 990 2503 sos
1002 2451 1066 2502 intra

157 2517 319 2570 vestibulum
340 2518 427 2584 regiae
448 2527 538 2569 tenere
558 2527 713 2587 potuerunt:
735 2519 849 2587 vagique
869 2526 897 2570 et
929 2519 1068 2572 urentibus

156 2587 259 2637 similes
270 2596 353 2638 totam
370 2585 464 2638 urbem
482 2587 554 2639 luctu
571 2604 604 2638 ac
621 2603 740 2639 maerore
758 2587 977 2656 compleverant,⁶
989 2588 1068 2642 nullis

158 2656 296 2722 questibus
314 2655 426 2724 omissis,
440 2673 505 2724 quos
517 2656 544 2708 in
557 2655 604 2708 tali
616 2673 678 2709 casu
691 2656 764 2709 dolor
776 2657 900 2724 suggerit.
939 2658 1011 2726 Ergo
1024 2658 1067 2727 qui

186 2808 192 2830 ¹
207 2802 281 2849 ·Will
293 2818 340 2861 you
351 2803 400 2851 find
411 2819 425 2850 a
437 2803 494 2863 king
502 2804 520 2851 l’
549 2804 694 2862 Equivalent
705 2815 730 2852 to
741 2804 806 2852 Num
814 2806 962 2862 invenietur
980 2806 1017 2853 ior
1027 2806 1069 2855 the

157 2876 226 2908 sense
238 2862 267 2916 is,
283 2861 308 2907 ‘l
319 2863 350 2909 do
361 2873 402 2909 not
412 2862 482 2910 think
493 2863 544 2910 that
556 2879 603 2923 you
613 2863 662 2911 will
673 2863 740 2918 find,'
752 2863 800 2911 dcc.
828 2863 883 2911 The
895 2865 1068 2925 interrogative

147 2919 264 2978 particle,
286 2919 407 2976 however,
426 2937 482 2980 may
499 2923 529 2969 be
548 2923 649 2970 omitted
665 2923 736 2970 when
752 2923 793 2970 the
812 2932 867 2970 tone
886 2923 963 2982 given
983 2935 1009 2971 to
1028 2923 1068 2971 the

156 2989 270 3027 sentence
282 2994 409 3037 expresses
421 2980 462 3027 the
473 2996 558 3040 proper
569 2981 665 3041 seeling,
679 2982 854 3030 astonishment
865 2997 892 3029 or
903 2980 991 3032 doubt.

184 3063 194 3087 ⁹
205 3057 228 3104 N
232 3057 319 3116 amely,
333 3057 374 3103 the
385 3058 480 3119 dispute
492 3060 547 3107 utho
559 3075 609 3108 was
620 3060 661 3107 the
673 3063 734 3108 best.

185 3130 266 3177 aJune
280 3133 314 3183 11,
328 3132 406 3177 323‘13.
414 3146 434 3178 c.

186 3202 290 3250 “With
309 3203 421 3262 w'eeping
440 3204 486 3251 and
505 3205 610 3265 wailing,
629 3203 675 3253 and
694 3204 735 3252 the
751 3205 847 3253 wildcst
866 3207 1026 3265 expressions
1041 3207 1069 3256 ol

155 3260 240 3321 griesz’
255 3265 366 3324 planctus
378 3261 398 3309 is
412 3263 525 3324 ‘bearing
535 3279 599 3322 upon
610 3263 651 3312 the
662 3265 743 3324 breast
755 3264 779 3311 in
790 3264 844 3324 sign
854 3263 883 3311 of
895 3267 1009 3314 sorrow)

186 3335 350 3399 ’Equivaleut
362 3346 387 3387 to
397 3340 577 3402 compleverant,
588 3341 633 3389 but
643 3339 760 3402 implying
770 3339 882 3401 rapidity.
