2274 3772
136 161 198 219 ΝΒ
405 175 444 215 on
466 175 572 219 essars
593 174 778 217 asrxsnnru.

137 293 250 339 eventus
274 291 394 337 vertente
418 282 531 337 fortuna.
574 283 707 354 Trajicere
729 301 837 337 amnem
861 301 926 336 cnm
951 286 1056 338 ceteris

136 355 220 424 oopiis
237 354 262 404 in
281 353 416 421 regionem
433 352 556 422 insulae,¹
566 353 602 405 de
613 369 666 423 qua
678 363 740 406 ante
752 355 851 406 dictum
865 362 914 419 est,
928 354 1054 423 parabat,

136 439 229 476 averso
247 421 322 475 hoste
341 423 367 475 in
385 439 439 491 eos,
452 422 497 491 qui
515 439 577 476 oum
594 423 747 476 Ptolemaeo
766 422 916 475 inferiorem
935 423 1054 476 obsede-

137 501 194 545 rant
207 493 306 560 ripam5
325 508 388 545 cum
399 491 515 561 procella
527 492 640 544 imbrem
652 493 698 545 vix
715 491 766 545 sub
784 493 862 545 tectis
878 491 1055 546 tolerabilem

136 561 259 614 effundit.
300 561 444 630 Obrutique
472 560 573 614 milites
601 561 691 614 nimbo
715 562 741 615 in
765 571 860 614 terram
887 561 1053 631 refugerunt,

136 630 251 698 navigiis
274 630 428 699 ratibusque
446 629 568 683 desertis.
604 630 656 683 Sed
679 631 899 684 tumultuantium
918 629 1055 701 fremitus,

136 699 350 768 obstrepentibus
365 700 459 768 ventis,
478 699 513 752 ab
531 699 607 752 hoste
624 716 675 752 non
696 709 797 769 poterat
815 699 907 752 audiri.
944 701 1054 754 Deinde

136 778 271 823 momento
284 769 408 838 temporis
420 784 555 837 repressus
566 769 617 821 est⁹
628 769 721 838 imber,
734 779 853 821 ceterum
866 768 933 820 adeo
946 769 1055 838 spissae

136 838 273 891 intendere
292 855 321 890 se
339 838 432 907 nubes,
451 847 480 890 ut
500 837 643 891 conderent
663 838 759 905 lucem,
780 838 878 907 vixque
899 837 1054 906 colloquen-

137 907 204 963 tium
224 908 292 959 inter
309 907 379 976 ipsos
396 907 479 960 facies
496 908 696 960 noscitarentur.
733 907 882 959 Terruisset
901 907 985 960 alium
1004 909 1053 960 ob·

136 977 217 1031 ducta
228 993 279 1029 nox
291 976 373 1043 coelo,
386 993 449 1030 oum
461 976 548 1044 ignoto
560 993 640 1029 amne
656 977 834 1045 navigandum
847 987 926 1043 esset,
939 975 1052 1029 forsitan

137 1045 212 1099 hoste
224 1063 287 1105 eam
306 1046 393 1115 ipsam
411 1046 503 1116 ripam,
517 1062 598 1115 quam
616 1047 689 1099 caeci
709 1055 791 1114 atque
812 1045 951 1114 improvidi
971 1055 998 1098 et
1016 1062 1053 1100 ex

137 1115 253 1186 periculo
273 1115 383 1184 gloriam
400 1127 570 1168 accersentes
586 1115 890 1185 petebant,-occupante.
926 1114 1053 1168 Obscuri-

136 1192 228 1253 tatem,
244 1202 313 1254 quae
333 1193 435 1237 ceteros
454 1183 577 1254 terrebat,
596 1202 672 1237 suam
691 1185 859 1237 occasionem
877 1184 970 1252 ratus,⁸
988 1185 1053 1238 dato

137 1255 219 1323 signo,
238 1264 267 1307 ut
287 1269 381 1307 ornnes
400 1253 505 1307 silentio
524 1252 706 1318 ascenderent,
725 1262 810 1306 ratem
831 1270 900 1320 eam,
939 1270 973 1306 ua
994 1255 1002 1306 i

135 1323 290 1394 vehebatur,
309 1324 422 1393 primam
441 1322 519 1393 jussit
538 1322 646 1393 expelli.
677 1324 774 1376 >Vacua
794 1333 850 1376 erat
874 1322 908 1375 ab
948 1271 1054 1376 osuii}

137 1393 200 1463 ripa,
214 1409 283 1462 quae
296 1391 451 1462 petebatur,
468 1391 567 1463 quippe
585 1391 673 1445 adhuc
690 1393 773 1447 Porus
790 1392 975 1446 Ptolemaeum
994 1402 1053 1446 tan-

137 1470 194 1514 tum
206 1461 364 1514 intuebatur.
382 1510 384 1514 ,
400 1460 462 1513 Una
472 1477 533 1529 ergo
545 1461 615 1530 navi,
625 1464 707 1530 qnam
718 1470 810 1530 petrae
822 1462 919 1514 fluctus
931 1461 1052 1532 illiserat,

137 1529 272 1583 haerente.
286 1539 392 1582 ceterae
409 1528 526 1589 evadunt
534 1546 542 1598 ;
560 1547 690 1600 armaque
701 1547 798 1601 capere
811 1530 919 1598 milites,
933 1539 959 1581 et
974 1531 1011 1583 ire
1023 1531 1053 1585 in

137 1598 245 1651 ordines
261 1585 348 1667 iussit.
705 1617 707 1620 ⁴
840 1617 843 1621 ¹

172 1673 214 1722 47.
233 1669 346 1737 Jamque
364 1682 462 1734 agmen
479 1666 507 1720 in
525 1683 624 1722 cornus.
640 1668 757 1722 divisum
775 1669 832 1738 ipse
851 1668 974 1735 ducebat,
988 1686 1055 1724 cum

137 1737 203 1791 Poro
230 1739 372 1806 nuntiatur,
395 1737 481 1792 armis
502 1736 619 1807 virisque
648 1739 734 1808 ripam
763 1737 888 1807 obtineri,
907 1746 934 1790 et
961 1754 1054 1792 rerum

136 1806 231 1860 adesse
244 1807 394 1859 discrimen.
428 1805 576 1928 onprimo⁴
591 1806 701 1861 humani
719 1807 817 1877 ingenii
829 1807 893 1860 vitio
909 1808 965 1875 spei
985 1825 1053 1861 suae

137 1876 284 1945 indulgens,
298 1875 430 1929 Abisaren
447 1875 482 1929 be
494 1875 512 1929 li
526 1876 632 1930 socium
650 1879 689 2000 pet
699 1877 744 1930 ita
761 1877 933 1945 convenerat)
951 1877 1053 1930 adven·

138 1955 193 1999 tare
217 1945 352 1999 credebat.
396 1945 463 1999 Mox
485 1945 627 2016 liquidiore
663 1963 712 2000 nce
736 1947 871 2016 aperiente
896 1946 1009 2015 hostem,
1032 1947 1054 2000 C

137 2015 279 2085 quadrigas
302 2025 329 2067 et
357 2016 408 2068 IIII
431 2015 507 2068 milia
530 2016 652 2085 equitum
674 2016 794 2069 venienti
817 2016 916 2084 agmini
940 2015 1052 2084 objecit.

138 2086 197 2139 Dux
225 2092 281 2136 erat
307 2085 451 2153 copiarum,
477 2102 544 2154 quas
571 2086 716 2155 praemisit,
741 2086 831 2153 Hages
854 2084 933 2137 irater
956 2084 1052 2156 ipsius,

138 2170 244 2206 summa
262 2153 359 2206 virium
381 2155 406 2205 in
427 2154 555 2207 curribus.
592 2155 674 2207 Senos
693 2155 764 2207 viros
787 2155 884 2222 singuli
905 2153 1050 2224 vehebant,

137 2222 204 2274 duos
216 2222 350 2291 clipeatos,
364 2222 430 2274 duos
442 2223 596 2292 sagittarios,
610 2224 644 2277 ab
660 2232 772 2293 utroque
791 2224 874 2276 latere
892 2224 1053 2290 dispositos:

137 2292 246 2359 aurigae
258 2300 333 2344 erant
345 2290 435 2359 ceteri,
449 2291 521 2344 haud
534 2309 598 2345 sane
616 2293 740 2363 inermes,
754 2294 853 2363 quippe
871 2293 958 2362 jacula
977 2311 1052 2346 com·

156 2361 220 2431 lnra,
240 2361 286 2414 ubi
307 2360 456 2413 comminus
473 2361 656 2430 proeliandum
675 2373 739 2432 erat,
759 2363 865 2416 omissis
884 2362 1003 2430 habenis,
1024 2364 1053 2416 in

137 2379 241 2484 hostem
255 2430 419 2500 ingerebant.
454 2432 578 2484 Ceterum
590 2432 637 2485 vix
649 2432 719 2486 ullus
737 2450 800 2485 usus
818 2431 898 2500 hujus
910 2432 1006 2485 anxilii
1019 2450 1052 2485 eo

137 2500 181 2554 die
204 2500 264 2554 fuit.
299 2503 432 2570 Namque,
456 2508 485 2552 ut
509 2517 540 2553 su
560 2517 588 2552 ra
610 2501 710 2555 dictum
732 2510 780 2570 est,
803 2502 891 2555 imber
911 2501 1053 2555 violentius

137 2587 220 2639 quam
237 2571 305 2624 alias
321 2571 398 2623 lusus
414 2587 523 2692 campos
540 2518 656 2624 iubricos
673 2580 700 2623 et
718 2571 914 2640 inequitabiles⁶
932 2570 1052 2640 iecerat,

136 2656 284 2708 gravesque
303 2648 329 2691 et
346 2656 472 2709 propemo
493 2657 538 2692 um
556 2639 710 2693 immobiles
723 2657 815 2693 curros
827 2640 919 2693 illuvie
930 2658 962 2691 ac
976 2657 1051 2692 vora·

137 2709 253 2778 ginibus⁸
282 2709 435 2762 haerebant.
477 2709 571 2761 Contra
599 2709 751 2762 Alexander
780 2710 905 2779 expedito
934 2728 966 2761 ac
995 2709 1051 2764 levi

137 2778 244 2846 agmine
263 2787 368 2830 strenue
386 2779 507 2832 invectus
524 2787 573 2831 est.
610 2777 724 2848 Scythae
742 2788 769 2830 et
788 2778 880 2832 Dahae
899 2779 975 2848 primi
993 2797 1052 2832 orn-

137 2847 210 2900 nium
230 2846 350 2900 invasere
370 2847 463 2900 indos:
489 2847 646 2901 Perdiccam
665 2846 763 2901 deinde
783 2864 847 2901 cum
867 2848 1004 2917 equitibus
1025 2850 1052 2902 in

136 2916 260 2970 dextrum
284 2933 363 2969 cornu
387 2916 504 2971 hostium
527 2917 625 2971 emisit.
661 2917 722 2971 Jam
752 2917 871 2987 undique
900 2935 989 2987 pugna
1021 2937 1052 2972 se

935 3008 949 3011 —-
961 3008 1054 3016 >—-w--.⁴

167 3047 175 3070 ¹
188 3041 231 3090 ‘ln
243 3039 284 3088 the
295 3039 411 3088 directicn
422 3041 450 3088 of
457 3042 509 3090 that
520 3040 614 3089 island!

165 3119 176 3145 ²
187 3113 316 3170 ‘Ceased,¹
333 3117 398 3160 ‘was
409 3113 524 3162 cheched’
537 3115 579 3174 (by
590 3113 631 3162 the
642 3113 719 3182 gods).

166 3191 176 3216 ⁸
185 3187 224 3235 He
235 3184 322 3234 lcoked
331 3199 395 3245 upon
404 3184 445 3233 the
454 3185 572 3234 darkness
580 3202 607 3234 as
616 3185 755 3234 slortunste
764 3187 938 3235 circumstance
945 3185 982 3234 for
989 3185 1052 3236 him.

166 3270 176 3295 ⁴
187 3266 231 3314 ‘At
241 3264 311 3313 first?
322 3263 370 3312 this
379 3263 399 3312 is
408 3263 556 3327 thelsdverb
564 3274 606 3313 not
615 3264 656 3313 the
665 3264 783 3326 adjective
792 3265 906 3328 ogrseing
913 3265 973 3315 with
982 3267 1052 3317 vitio.

168 3351 176 3375 ¹
186 3343 269 3392 ‘Unfit
280 3343 316 3392 lor
326 3342 431 3404 cavalry,
443 3341 479 3391 ior
489 3358 516 3392 or
525 3341 604 3405 riding
614 3343 688 3393 over)

159 3418 225 3469 '‘ln
234 3419 296 3471 mud
307 3418 355 3472 sud
365 3416 453 3471 holes’
