2274 3772
107 151 162 208 trs
365 162 405 202 nrt
430 162 536 204 essars
558 161 742 204 aaa-mnam.

105 275 172 335 Quis
183 273 228 327 ille
240 270 311 325 haud
323 287 387 324 sane
399 280 494 340 motus,
508 270 625 339 satisque
637 271 760 340 prudens,
774 271 819 324 otii
831 270 895 323 vitia
907 270 1019 338 negotio

106 343 211 412 discuti,
222 341 308 410 edicit,
319 348 347 394 ut
359 358 452 394 omnes
464 341 490 393 in
504 339 634 393 vestibulo
646 341 735 408 regiae
748 350 850 410 praesto
863 341 921 391 sint.
942 339 1020 398 Quos

107 413 154 467 ubi
166 413 320 480 frequentes
330 411 425 464 adesse
437 411 567 479 cognorit,
581 411 606 463 in
620 411 766 462 contionem
781 410 914 478 processit.
934 409 1018 462 Haud

107 482 189 536 dubie
202 498 235 533 ex
248 481 392 550 composito
404 479 540 533 Atharrias
557 479 688 548 postulare
707 481 801 548 coepit,
815 488 843 531 ut
856 480 1019 547 Lyncestes¹

108 549 267 620 Alexander,
287 551 332 619 qui
352 549 436 602 multo
455 557 516 601 ante
537 565 616 617 quarn
638 547 753 601 Philotas
776 566 865 616 regem
886 547 1019 600 voluisset

108 621 237 688 occidere,
251 618 440 673 exhiberetur.²
474 621 498 670 A
510 617 614 671 duobus
625 617 764 684 indicibus,
779 619 845 670 sicut
858 634 934 685 supra
948 617 1019 670 dixi-

108 707 177 759 mus,
190 689 301 756 delatus,
316 689 422 741 tertium
439 687 493 757 jam
512 703 611 739 annum
632 687 828 740 custodiebatur
848 687 873 738 in
891 687 1018 740 vinculis.
1070 747 1076 757 Ι

109 758 233 814 Eundem
245 760 271 810 in
283 757 396 837 Philippi
407 772 512 825 quoque
522 755 633 808 caedem
643 755 794 826 conjurasse
802 773 864 808 cum
874 756 1017 826 Pausania,

109 845 155 898 pro
167 835 300 896 comperto
319 827 368 879 furt
376 842 384 895 3
402 824 450 877 sed
463 825 525 894 quia
536 826 637 894 primus
648 825 828 878 Alexandrum
841 842 930 894 regern
945 826 1018 879 salu·

110 906 218 966 taverat,
232 896 360 966 supplicio
372 895 458 962 magis
469 911 550 963 quam
561 893 663 946 crimini
675 895 760 946 fuerat
773 907 919 974 exemptus.
935 896 1019 948 'Tunc

110 982 215 1036 quoque
227 965 357 1035 Antipatri
374 965 458 1017 soceri
476 963 535 1034 ejus
552 980 645 1033 preces
659 963 758 1032 justam
772 965 839 1032 regis
851 981 917 1018 iram
931 981 1019 1017 mora-

110 1035 213 1090 bantur.
249 1036 372 1092 Ceterum
390 1033 521 1086 recruduit
539 1041 674 1102 soporatus
693 1033 777 1086 dolor:
802 1035 899 1104 quippe
918 1037 1020 1088 veteris

110 1105 221 1176 periculi
234 1104 388 1167 memoriam
401 1102 547 1172 praesentis
558 1119 620 1154 cura
632 1102 783 1155 renovabat.
810 1103 891 1171 igitur
899 1103 1018 1157 Alexan-

111 1173 159 1227 der
176 1191 210 1226 ex
227 1173 353 1227 custodia
364 1173 494 1234 educitur,
515 1170 652 1240 'ussusque
671 1171 768 1241 dicere,
781 1189 943 1241 quamquam
962 1182 1018 1226 toto

112 1244 221 1297 triennio
239 1243 383 1295 meditatus
401 1250 456 1294 erat
474 1189 664 1309 delensionem,
678 1249 767 1294 tamen
779 1240 913 1294 haesitans
925 1251 952 1294 et
967 1255 1018 1295 tre-

111 1313 189 1383 pidus
206 1329 292 1382 pauca
310 1329 343 1365 ex
361 1310 409 1380 his,
422 1327 491 1379 quae
509 1317 699 1380 composuerat,
712 1310 826 1379 protulit,
840 1312 873 1364 ad
892 1310 1017 1371 ultimum

112 1399 162 1436 non
182 1382 309 1434 memoria
329 1378 422 1449 solum,
436 1379 483 1432 sed
502 1379 583 1432 etiam
601 1397 678 1433 mens
696 1397 758 1433 eurn
776 1380 903 1433 destituit.
939 1381 1018 1435 Nulli

112 1460 168 1504 erat
180 1451 299 1519 dubium,
312 1449 375 1518 quin
393 1447 529 1518 trepidatio
541 1449 719 1501 conscientiae
732 1449 857 1504 indicium
871 1459 949 1519 esset,
963 1467 1017 1504 non

111 1519 258 1573 memoriae
270 1519 371 1572 vitium.
407 1516 499 1586 Itaque
512 1533 545 1569 ex
557 1517 606 1584 his,
619 1519 664 1586 qui
682 1519 794 1586 proximi
811 1520 955 1589 astiterant,
969 1521 1018 1574 ob·

112 1588 256 1642 luctantem
268 1587 356 1639 adhuc
368 1585 492 1639 oblivioni
504 1585 604 1638 lanceis
616 1587 807 1640 confoderurrt.³

147 1662 171 1710 2.
191 1657 271 1726 Cujus
288 1671 394 1724 corpore
412 1655 506 1724 ablato,
520 1672 566 1708 rex
583 1656 711 1709 introduci
728 1656 805 1727 jussit
823 1659 970 1728 Amyntam
989 1667 1018 1712 et

112 1726 266 1781 Simmiam:
285 1741 348 1778 nam
366 1724 500 1795 Polemon,
512 1725 639 1778 minimus
655 1743 690 1778 ex
708 1725 836 1796 fratribus,
850 1745 910 1780 curn
929 1726 1017 1780 Philo·

112 1805 179 1849 tam.
196 1795 309 1865 torqueri
338 1794 518 1874 comperisset,
546 1794 703 1863 profugerat.
740 1796 864 1849 Omnium
894 1797 1017 1850 Philotae

111 1866 255 1919 amicorum
273 1863 300 1917 hi
319 1863 449 1916 carissimi
467 1863 578 1933 fuerant,
591 1863 625 1915 ad
642 1881 738 1932 magna
749 1865 911 1918 ethonorara
924 1865 1017 1919 minis-

111 1936 176 1989 teria
199 1934 270 1987 illius
292 1933 409 2002 maxime
433 1933 617 2001 suffragatione
641 1934 787 2003 producti,
804 1936 1017 2004 memineratque

111 2021 165 2074 rex,
187 2019 290 2056 summo
314 2002 399 2056 studio
423 2003 457 2055 ab
481 2018 512 2054 eo
536 2001 697 2055 conciliatos⁴
720 2002 776 2073 sibi,
796 2021 846 2058 nec
866 2003 1016 2074 dubitabat,

111 2072 190 2143 hujus
207 2089 312 2141 quoque
330 2071 417 2124 ultimi
434 2071 535 2124 consilii
553 2071 645 2124 fuisse⁵
662 2073 809 2150 participes.
845 2074 925 2142 Igitur
950 2073 1017 2128 olim
1038 2112 1039 2116 ,

111 2142 160 2196 sibi
179 2158 238 2194 esse
257 2149 394 2209 suspectos
411 2142 502 2193 matris
517 2157 581 2193 suae
594 2140 694 2211 litteris,
708 2142 803 2210 quibus
815 2152 885 2197 esset
897 2113 1017 2196 admoni-

111 2221 161 2280 tus,
174 2220 202 2263 ut
220 2209 254 2263 ab
272 2209 315 2261 his
332 2209 446 2261 salutem
464 2227 540 2261 suam
558 2218 683 2262 tueretur.
719 2211 843 2264 Ceterum
858 2230 886 2264 se
902 2212 1017 2267 invitum

110 2280 240 2334 deteriora
251 2277 412 2344 credentem,
426 2294 496 2330 nunc
508 2279 655 2331 manifestis
667 2279 772 2332 indiciis
783 2281 891 2349 victum,
904 2281 1017 2352 jussisse

111 2350 212 2405 vinciri.
248 2349 318 2401 Nam
337 2346 420 2416 pridie
438 2364 519 2416 quam
531 2346 698 2415 detegeretur
710 2348 828 2402 Philotae
841 2351 936 2420 scelus,
949 2352 1017 2419 quin

110 2419 221 2474 secreto⁶
233 2435 296 2470 curn
308 2433 340 2468 eo
353 2415 472 2485 fuissent,
489 2434 540 2469 non
558 2434 635 2486 posse
654 2417 776 2471 dubitari.
812 2419 928 2472 Fratrem
943 2436 1016 2490 vero,

110 2490 155 2559 qui
174 2487 322 2558 profugerit,
339 2503 400 2539 curn
419 2485 453 2538 de
471 2486 573 2540 Philota
591 2497 767 2556 quaereretur,
783 2490 917 2557 aperuisse
934 2489 1018 2556 fugae

110 2575 228 2612 causam.
256 2558 348 2626 Nuper
359 2558 473 2626 praeter⁷
484 2556 710 2626 consuetudinem,
721 2557 801 2609 officii
813 2559 910 2628 specie,
920 2559 1018 2612 amotis

112 2692 147 2793 L¹
159 2687 183 2734 A
194 2702 264 2754 name
275 2687 303 2735 of
314 2704 328 2736 a
338 2688 399 2736 tribe
410 2702 437 2736 or
446 2703 508 2752 racc.
539 2688 563 2734 A
575 2687 666 2735 district
682 2686 710 2734 of
722 2685 866 2734 Macedonia
876 2702 926 2734 was
937 2684 1018 2735 called

134 2756 268 2851 ln‘cSehllrsrld
284 2805 314 2852 be
330 2804 433 2865 brought
449 2804 558 2852 forward’
570 2814 596 2872 to
607 2778 671 2861 trial,v
682 2819 709 2852 or
718 2805 799 2852 rather
808 2804 911 2864 perhaps
922 2814 947 2851 to
957 2819 1016 2852 con·

111 2863 302 2992 dspsrrppppp.om
314 2921 342 2970 of
353 2940 379 2970 ce
389 2925 425 2971 lis
436 2925 478 2983 qui
487 2925 612 2971 astiterunt
626 2923 728 2981 ‘soma’
744 2924 841 2984 aliquot,
854 2925 974 2980 nonnulli,
987 2937 1017 2972 as

111 2983 519 3111 noppppppplpptcppsspsppzm,
535 3041 749 3090 ‘recommended'
767 3041 796 3089 In
804 3040 845 3089 the
854 3041 934 3090 fourth
942 3041 1015 3102 chop.

110 3111 155 3158 ter,
169 3103 271 3148 trodrtns
283 3115 303 3146 ιι
314 3099 374 3146 used
385 3115 409 3146 m
420 3101 460 3148 the
472 3115 538 3148 same
549 3115 628 3148 sense.

139 3161 196 3208 *As
206 3169 232 3208 tc
242 3176 290 3206 non
300 3161 378 3206 dubito
389 3158 500 3207 followed
511 3160 544 3219 by
555 3159 595 3206 the
606 3159 742 3208 accusative
754 3159 814 3213 with
829 3159 870 3208 the
887 3158 1014 3218 infinitiva,

109 3235 151 3268 see
165 3221 245 3268 Grcm.
257 3217 270 3269 i
280 3222 331 3274 352,
344 3227 400 3266 note
410 3220 432 3265 4.

137 3285 146 3310 ⁸
158 3279 220 3327 This
231 3279 251 3326 is
263 3278 287 3326 in
297 3277 365 3325 realit
393 3277 435 3325 the
450 3278 554 3327 ablativo
569 3276 676 3338 singular
691 3286 777 3326 neuter
791 3276 820 3326 of
830 3287 941 3336 saraae,
953 3277 1016 3328 used

109 3337 264 3396 adverbially.
295 3337 342 3385 See
379 3337 521 3394 romi219,
535 3340 555 3385 d.

136 3397 297 3457 'Equirafent
310 3406 335 3447 tc
344 3406 436 3449 contro.
467 3397 516 3449 See
528 3397 629 3458 Zumpt,
639 3394 718 3449 ibb‘t.
