2274 3772
469 209 562 251 mssa
579 211 612 251 x·
935 195 993 255 303

86 323 159 373 fidem
170 321 350 387 confugiebant,
361 320 457 369 illorum
469 321 589 378 manibus,
596 320 619 368 si
630 320 661 368 ad
672 318 819 382 supplicium
831 326 993 383 poscerentur,

87 390 191 438 salutem
202 403 272 436 suam
283 387 400 442 tutaturi;
417 392 459 434 aut
470 386 581 448 pecunia,
591 392 682 448 quanta
694 391 794 447 poterat,
803 392 896 445 coacta,
907 386 993 450 fugam

87 455 187 503 inibant.
220 452 258 502 Ea
274 469 301 502 re
319 452 419 516 cognita
433 452 529 499 litterae
541 452 572 499 ad
584 467 669 499 omnes
680 451 756 500 Asiae
767 458 891 512 praetores
902 453 993 501 missae

86 525 150 578 sunt,
160 520 248 582 quibus
260 517 375 581 inspectis
385 532 399 564 e
411 517 514 581 vestigio
530 532 615 565 omnes
632 516 774 580 peregrinos
790 517 889 575 milites,
900 517 940 583 qui
952 519 993 566 sti·

86 586 175 648 pendia
193 586 237 633 sub
255 585 315 646 ipsis
333 583 449 641 facerent,
466 582 588 630 dimittere
603 582 760 647 jubebantur.
793 581 854 630 Erat
870 582 934 631 inter
951 600 992 632 eos

86 650 213 713 Harpalus,
224 665 296 712 quem
308 648 455 706 Alexander,
465 649 528 710 quod
540 648 571 695 ob
582 647 659 710 ipsius
673 647 809 695 amicitiam
827 648 885 696 olim
903 665 919 696 a
935 649 992 698 Phi·

85 715 102 763 li
118 733 149 778 po
170 719 263 780 cJectus
285 714 363 763 solum
382 712 500 772 vertisset,
523 713 587 762 inter
609 712 739 762 fidissimos
762 712 876 772 habehat,
895 720 920 761 et
939 721 993 776 post

114 782 180 829 araci
200 787 302 828 mortem
323 781 431 842 satrapia
451 779 601 842 Babyloniae
620 780 758 837 donaverat,
776 778 992 842 thesaurorumque

85 847 209 895 custodiae
222 845 378 907 praefecerat
412 845 437 893 ls
454 845 531 909 igitur
549 860 605 892 cum
622 843 746 903 fiduciam,
757 860 830 906 quam
847 845 874 892 in
891 861 992 907 propen-

84 912 182 959 sissima
193 911 259 974 regis
271 910 351 974 gratia
362 912 452 960 habere
465 915 566 972 poterat,
579 909 750 974 magnitudine
767 909 918 973 flagitiorum
935 926 992 958 con-

84 976 234 1038 sumpsisset,
241 977 346 1039 quinque
354 976 472 1024 talentum
481 975 551 1023 milia
559 991 590 1023 ex
597 976 738 1039 gazaregia
746 975 818 1037 rapit,
825 977 991 1038 conductaque

84 1057 127 1089 sex
137 1041 233 1090 milium
244 1043 452 1090 mercenariorum
464 1057 547 1099 manu,
556 1041 582 1089 in
590 1040 715 1102 Europam
724 1041 811 1090 evadit.
838 1039 991 1103 Jampridem

83 1187 166 1235 regem
184 1173 263 1231 venia,
281 1172 396 1221 adversus
418 1173 481 1221 iram
505 1172 580 1233 ipsius
601 1173 627 1220 in
647 1172 734 1220 ahenis
750 1173 837 1234 opibus
854 1172 990 1221 subsidium

84 1236 269 1299 circumspicere
287 1245 414 1300 coeperat;
431 1244 456 1286 et
469 1237 640 1296 Athenienses,
650 1253 752 1300 quorum
768 1253 818 1286 non
835 1243 991 1286 contemnen-

84 1303 140 1351 dam
157 1301 298 1365 potentiam,
309 1310 335 1352 'et
352 1305 415 1365 apud
433 1310 526 1352 ceteros
538 1303 645 1359 Graecos
656 1303 837 1362 auctoritatem,
848 1309 901 1351 tum
912 1303 991 1352 occul·

83 1376 135 1416 tum
147 1369 174 1416 in
184 1369 334 1418 Macedonas
345 1370 429 1417 odium
440 1375 518 1428 norat,
526 1369 609 1417 sedulo
621 1369 735 1417 coluerat.
763 1369 848 1430 Itaque
860 1384 928 1430 spem
940 1369 991 1418 suis

83 1433 195 1492 faciebat,
207 1434 371 1483 Athenienses
389 1436 494 1483 adventu
510 1450 555 1483 suo
572 1435 676 1498 cognito,
690 1434 814 1497 copiisque
831 1440 856 1483 et
872 1434 991 1496 pecuniis,

82 1515 141 1561 quas
153 1500 292 1558 adduceret,
304 1516 386 1551 coram
398 1500 524 1563 inspectis,
535 1500 645 1562 protinus
663 1516 732 1548 arma
749 1498 898 1562 consiliaque
913 1500 990 1548 socia-

82 1571 148 1613 turos
159 1581 220 1614 esse.
254 1565 320 1614 Nam
333 1566 396 1628 apud
408 1566 523 1629 populum
535 1566 677 1627 imperitum
688 1571 714 1613 et
724 1565 847 1623 mobilem,
859 1567 902 1628 per
913 1565 990 1614 homi-

82 1645 124 1678 nes
136 1631 256 1693 improbos
265 1637 291 1679 et
301 1632 405 1681 avaritia
412 1632 518 1690 venales,
526 1631 610 1680 omnia
618 1647 644 1680 se
654 1632 794 1681 muneribus
803 1636 989 1680 consecuturum

81 1696 258 1760 existimabat]

115 1835 139 1883 7.
158 1830 241 1898 Igitur
253 1832 358 1900 triginta
368 1831 481 1884 navibus
498 1831 610 1893 Sunium
627 1831 816 1888 transmittunt¹
830 1830 989 1900 (promerito
1065 1824 1068 1830 ’

82 1898 149 1951 rium
163 1910 203 1952 est
216 1901 322 1953 Atticae
334 1900 438 1972 terrae),
454 1900 525 1953 unde
543 1910 647 1969 portum
664 1899 737 1953 urbis
754 1908 846 1969 petere
864 1898 989 1952 decreve-

81 1977 147 2020 rant.
190 1969 239 2021 His
262 1969 382 2038 cognitis,
407 1985 455 2022 rex
482 1969 596 2038 Harpalo
624 1968 886 2036 Atheniensibusque
914 1966 991 2036 juxta

81 2037 193 2090 infestus
215 2037 330 2091 classem
352 2037 439 2108 parari
461 2037 543 2107 jubet,
568 2037 689 2092 Athenas
710 2037 829 2107 protinus
851 2037 989 2106 petiturus.

81 2106 155 2166 Quod
174 2107 314 2161 consilium
332 2125 394 2161 cum
411 2107 482 2161 clam
499 2109 589 2179 agitat,
603 2107 706 2173 litterae
721 2108 747 2160 ei
761 2106 913 2176 redduntur,
925 2107 990 2160 Har·

80 2177 172 2247 palum
197 2177 307 2230 intrasse
330 2177 440 2248 quidem
459 2177 588 2247 Athenas,
649 2178 737 2230 cunia¹
759 2176 915 2230 conciliasse
938 2176 989 2231 sibi

81 2247 228 2316 principum
240 2249 360 2301 animos:
379 2264 449 2318 mox,
462 2246 575 2301 concilio
592 2247 680 2317 pubis
698 2245 795 2316 habito,
808 2245 912 2315 jussum
923 2247 989 2300 urbe

80 2315 212 2368 excedere
230 2317 266 2370 ad
286 2319 402 2371 Graecos
420 2317 521 2371 milites
539 2317 699 2387 pervenisse,
719 2316 817 2386 quibus
836 2315 863 2368 in
884 2316 989 2369 Cretam

80 2384 204 2454 trajectis,
225 2403 242 2438 a
263 2388 380 2455 quodam
403 2387 565 2443 Thimbrone
588 2387 776 2456 interemptum
799 2401 847 2454 per
869 2384 988 2436 insidias.

80 2454 129 2508 His
151 2454 238 2507 laetus
262 2459 291 2509 in
316 2457 449 2525 Europam
473 2454 621 2534 trajiciendi
645 2455 786 2508 consilium
807 2453 913 2506 omisit:
941 2454 988 2506 sed

80 2523 180 2592 exules,
195 2534 367 2594 premerem,
383 2526 430 2594 qui
449 2525 519 2578 civili
537 2525 666 2593 sanguine
684 2523 785 2594 aspersi
803 2523 897 2590 erant,a
909 2523 988 2603 recipi

79 2593 114 2646 ab
131 2594 254 2648 omuibus
273 2595 435 2648 Graecorum
454 2594 612 2663 civitatibus,
630 2593 691 2663 quis
708 2592 777 2664 pulsi
795 2595 888 2661 erant,⁴
901 2591 987 2661 jussit.

80 2663 114 2717 Et
132 2663 233 2734 Graeci,
247 2663 320 2718 haud
331 2664 390 2717 ausi
403 2664 545 2734 imperium
556 2664 698 2735 aspernari,
710 2678 874 2733 quamquam
886 2663 988 2716 solven-

79 2730 173 2786 darum
193 2733 283 2802 legum
306 2733 333 2788 id
356 2733 515 2804 principium
538 2750 599 2786 esse
622 2732 767 2787 censebant
787 2730 856 2786 bona
874 2748 986 2802 quoque,

127 2893 182 2940 The
194 2894 288 2953 subject
299 2893 321 2941 is
335 2898 340 2920 ¹
350 2893 478 2952 Harpalus,
492 2893 538 2940 and
549 2908 563 2940 e
574 2893 676 2941 number
686 2891 714 2939 of
722 2891 803 2940 Greek
815 2893 983 2948 mercenaries,

79 2951 160 3000 whom
171 2953 201 3000 he
212 2952 259 3000 had
270 2953 345 3000 taken
356 2953 406 3000 into
417 2953 454 3000 his
465 2952 574 2999 service.¹
608 2951 655 2998 See
667 2951 707 2999 the
718 2961 838 3007 contenta,
851 2952 912 3011 chap
922 2955 945 2999 6.
1041 2968 1046 2977 ·

106 3015 117 3041 ⁹
127 3012 151 3059 A
162 3012 307 3072 connecting
317 3012 480 3073 coniunctiori,
493 3019 514 3058 et
525 3026 552 3058 or
562 3029 596 3064 ac,
609 3025 690 3058 seems
701 3019 727 3058 to
737 3011 767 3059 be
778 3011 896 3070 required.

107 3075 116 3099 ²
129 3071 210 3119 ‘Who
226 3071 273 3119 had
288 3070 431 3119 committed
447 3070 559 3118 murder.¹
593 3069 641 3118 We
652 3069 738 3118 should
749 3069 860 3131 properly
870 3070 931 3118 have
943 3067 984 3116 tho

78 3130 231 3191 subjunctive
247 3129 313 3186 bere,
325 3129 363 3179 for
373 3130 391 3177 it
402 3139 468 3177 must
479 3129 540 3177 have
551 3130 614 3177 been
624 3144 639 3177 a
648 3139 701 3189 part
712 3127 740 3178 os
746 3128 909 3178 Alexander's
921 3143 983 3176 mes·

78 3191 216 3298 suffigiit
222 3189 655 3318 ⁸sihighuihpet}ihrhkigbeen·expelled2'
672 3247 714 3296 the
730 3247 817 3316 simple
833 3245 937 3314 ablativo
949 3245 985 3294 sor

77 3325 104 3356 er
118 3311 209 3368 pamas.
241 3309 289 3357 We
307 3308 383 3368 might
399 3307 457 3355 take
473 3322 527 3368 qun
544 3316 568 3354 to
584 3308 614 3355 be
630 3306 671 3355 the
687 3307 776 3363 dative,
793 3305 905 3366 standing
921 3304 956 3353 sor
969 3321 985 3352 a

76 3370 167 3427 quibas.
199 3367 247 3415 But
259 3367 416 3415 thisismore
425 3381 484 3414 rare.
512 3365 996 3428 Weoansayantreraomtapum,

76 3440 103 3475 or
107 3429 191 3490 patrib
195 3429 292 3490 pellere.
323 3425 557 3480 saceraotem.
616 3498 620 3504 ἱ
