2274 3772
452 247 453 250 ,
487 212 579 252 arsen
600 211 662 251 virt.
970 194 1027 248 ι239

119 321 208 391 persit,
220 319 289 374 alius
301 339 334 375 ne
347 319 461 390 simplici
472 319 582 389 quidem
594 329 677 372 morte
695 320 837 373 defunctus
854 326 903 373 est.
939 319 1028 373 Duces

45 408 49 423 .
119 392 284 444 exercituum
302 399 405 444 tuorum
426 391 480 442 ine
501 389 620 442 uuleum¹
633 390 754 459 impositi,
768 389 863 459 Persis,
876 405 943 458 quos
956 390 1027 442 vice-

119 469 184 531 rant,
204 460 278 514 fuere
295 459 456 530 spectaculo.
482 407 633 512 sParmenio
656 459 754 512 indicta
777 476 859 511 causa
882 458 1027 512 trucidatus

117 538 166 598 est,
181 547 321 600 perquem
334 530 455 584 Attalum
467 529 611 582 occideras.
648 529 765 582 invicem
785 528 856 581 enim
869 529 1024 582 miserorum

118 600 200 652 uteris
216 600 341 653 manibus
358 600 391 652 ad
411 599 561 668 expetenda
584 599 720 669 supplicia,
740 606 766 651 et
784 614 851 676 quos
868 596 945 668 paulo
963 609 1025 651 ante

117 670 252 722 ministros
275 668 368 722 caedis
391 668 516 737 habuisti,
538 669 625 721 subito
648 669 683 721 ab
706 667 766 720 aliis
789 667 868 736 Jubes
891 668 1024 720 trucidari.

116 739 276 808 Obstrepunt
307 737 420 792 subinde
450 738 537 791 cuncti
570 738 719 805 Hermolao,
750 747 825 807 pater
858 740 1025 806 supremum²

115 810 254 862 strinxerat
273 807 380 870 ferrum,
393 825 566 877 percussurus
583 807 654 860 haud
672 807 761 875 dubie,
775 807 803 858 ni
814 805 941 860 inhibitus
954 821 1024 859 esset

111 897 130 940 a
143 894 220 948 rege:
240 877 338 947 quippe
351 877 521 929 Hermolaum
535 877 624 930 dicere
636 875 719 946 jussit,
733 876 868 946 petiitque,
882 886 910 930 ut
929 894 1024 929 causas

114 947 238 1016 supplicii
250 955 393 1016 augentem
407 946 537 1015 patienter
548 946 678 999 audirent.

149 1020 190 1068 25.
211 1019 299 1084 Aegre
311 1033 373 1084 ergo
386 1016 513 1085 coercitis,
527 1032 616 1068 rursus
632 1014 804 1068 Hermolaus:
825 1015 913 1073 Quam
930 1015 1023 1069 libera·

114 1085 180 1148 liter,
202 1085 294 1154 inquit,
316 1086 405 1155 pueris
424 1085 534 1138 rudibus
556 1084 590 1136 ad
611 1084 756 1138 dicendum
775 1102 854 1154 agere
892 1086 1020 1138 ermittisl

113 1162 141 1207 at
164 1154 333 1207 Callisthenis
356 1172 408 1207 vox
430 1171 536 1207 carcere
560 1154 662 1207 inclusa
685 1162 733 1224 est,
753 1157 816 1224 quia
842 1102 915 1206 soiirs
937 1164 1022 1224 potest

113 1224 212 1276 dicere.
248 1224 301 1279 Cur
323 1224 397 1276 enim
414 1240 466 1276 non
485 1223 643 1294 producitur,
663 1224 824 1277 corneliam
844 1223 958 1276 confessi
977 1241 1021 1277 au·

113 1292 252 1351 diunturl³
279 1310 378 1364 nempe
408 1293 471 1364 quia
500 1293 610 1347 liberam
635 1311 729 1347 vocem
758 1293 906 1346 innocentis
929 1294 1022 1346 audire

114 1362 218 1432 metuis,
243 1379 276 1416 ae
299 1363 448 1416 nerultum
473 1362 582 1433 quidem
606 1363 711 1433 pateris.
752 1362 833 1433 Atqui
863 1362 930 1415 nihil
959 1380 1020 1416 eum

113 1431 211 1484 fecisse
230 1433 367 1486 contendo.
403 1433 468 1486 Sunt
486 1433 538 1501 hic,
551 1433 597 1503 qui
616 1450 723 1486 mecum
742 1449 796 1485 rem
817 1430 1022 1501 pulcherrimam

112 1502 309 1570 cogitaverunt:
334 1519 413 1555 nemo
437 1511 485 1572 est,
505 1504 551 1570 qui
575 1504 713 1556 conscium
735 1501 819 1554 fuisse
837 1502 913 1554 nobis
931 1502 1021 1555 Callis

113 1572 210 1627 thenen
229 1571 307 1642 dicat,
320 1589 384 1624 cum
396 1572 474 1625 morti
491 1571 555 1625 olim
574 1572 722 1625 destinatus
740 1573 783 1624 sit⁴
800 1589 817 1623 a
834 1571 982 1643 justissimo
995 1582 1021 1624 et

112 1641 303 1710 patientissimo
326 1658 397 1710 rege.
434 1642 509 1694 Haec
532 1659 593 1711 ergo
617 1651 677 1695 sunt
695 1641 875 1695 Macedonum
893 1643 1020 1712 praemia,

110 1727 221 1780 quorum
245 1720 274 1763 ut
296 1728 327 1764 su
347 1727 461 1764 ervacuo
485 1721 512 1763 et
535 1712 639 1764 sordido
662 1712 780 1764 abuteris
804 1711 947 1780 sanguine!
986 1715 1021 1764 At

112 1780 160 1833 tibi
185 1780 256 1834 XXX
286 1729 360 1834 miiia
388 1779 521 1834 mulorum
544 1783 679 1850 captivum
702 1798 797 1833 aurum
826 1781 934 1849 vehunt,
959 1798 1021 1834 cum

110 1850 212 1902 milites
235 1849 298 1903 nihil
326 1850 437 1903 domurn
461 1861 565 1919 praeter
587 1851 716 1918 gratuitas
739 1851 889 1902 cicatrices⁵
913 1849 1020 1902 relaturi

111 1917 170 1971 sint.
207 1918 282 1976 Quae
300 1927 391 1971 tamen
408 1920 497 1971 omnia
520 1919 633 1971 tolerare
652 1919 792 1989 potuimus,
811 1928 954 1987 antequam
973 1936 1021 1972 nos

110 1987 230 2040 barbaris
241 1987 362 2055 dederes,
376 1996 402 2040 et
415 2005 481 2040 novo
495 2004 567 2040 more
580 1989 694 2041 victores
711 1986 761 2040 sub
778 1986 873 2055 jugum
890 1988 1019 2040 mitteres.

111 2056 250 2110 Persarum
269 2065 296 2110 te
313 2057 397 2110 vestis
414 2066 441 2109 et
458 2056 597 2127 disciplina
615 2056 738 2126 delectat,
751 2057 850 2126 patrios
868 2073 956 2110 mores
975 2074 1020 2110 er-

110 2142 172 2179 osus
190 2127 239 2178 es.f
273 2128 415 2180 Persarum
432 2133 503 2196 erga,
517 2143 569 2179 non
586 2127 775 2196 Macedonum,
789 2143 881 2194 regern
900 2127 1020 2180 occidere

110 2195 252 2266 voluimus,
277 2204 305 2250 et
328 2206 355 2249 te
379 2195 544 2266 transfugam
568 2196 633 2249 belli
660 2196 719 2266 jure
742 2197 934 2266 persequimur.
978 2198 1019 2249 Tu

111 2265 276 2319 Macedonas
293 2265 400 2319 voluisti
422 2283 510 2334 genua
535 2266 583 2320 tibi
606 2283 712 2336 ponere,
738 2267 912 2346 venerarique
938 2275 964 2318 te
992 2277 1019 2319 ut

111 2333 207 2387 deum:
232 2345 261 2388 tu
284 2335 437 2406 Philippum
457 2346 559 2405 patrem
584 2337 721 2406 aversaris,
743 2344 770 2388 et
789 2336 811 2388 si
829 2353 891 2404 qurs
907 2336 1019 2388 deorum

110 2413 172 2456 ante
189 2405 285 2458 lovem
308 2405 458 2473 haberetur,
477 2405 610 2459 fastidires
628 2407 709 2458 etiam
730 2406 834 2459 forem.
870 2405 984 2473 MirariS,
998 2406 1019 2456 si

112 2473 188 2526 liberi
200 2474 324 2527 homines
336 2474 489 2544 superbiam
507 2483 580 2527 tuam
598 2474 668 2526 ferre
686 2491 738 2527 non
755 2474 916 2543 possumusl
951 2473 1018 2532 Quid
1102 2497 1106 2504 ·

111 2560 251 2612 speramus
267 2560 301 2596 ex
321 2553 356 2612 te,
370 2543 467 2614 quibus
486 2554 532 2596 aut
552 2543 699 2596 insontibus
717 2542 884 2596 moriendum
904 2555 952 2610 est,
965 2551 1018 2614 aut,

110 2611 182 2681 quod
196 2613 295 2665 tristius
306 2622 391 2666 morte
403 2623 451 2682 est,
466 2614 492 2666 in
504 2615 630 2666 servitute
642 2612 806 2665 vivendum?
842 2613 883 2665 Tu
901 2612 1018 2684 quidem,

111 2683 135 2735 si
154 2682 291 2735 emendari
303 2691 385 2752 potes,
399 2683 514 2736 multum
529 2682 596 2738 mihi
608 2683 701 2736 debes.
738 2683 779 2735 Ex
796 2698 842 2734 me
860 2683 933 2735 enim
951 2683 1020 2736 seire

111 2752 228 2820 coepisti,
242 2751 305 2821 quid
323 2753 431 2820 ingenui
450 2752 573 2806 homines
585 2752 641 2805 fere
659 2752 837 2821 nonpossint.
872 2752 913 2805 De
931 2764 1019 2805 cetero

111 2838 198 2890 parce,
212 2838 326 2891 quorum
343 2822 434 2875 orbam
453 2833 622 2875 senectutem
640 2821 777 2891 suppliciis
795 2838 829 2874 ne
841 2823 992 2875 oneraveris
1002 2826 1020 2874 :⁷

111 2901 114 2905 ‚
140 2925 222 2973 ¹That
234 2925 263 2983 is,
276 2925 317 2973 the
328 2925 386 2974 rask
397 2935 421 2974 to
434 2926 514 2974 which
525 2926 595 2975 those
606 2926 663 2974 who
673 2942 737 2975 were
754 2935 779 2974 to
794 2927 825 2974 be
836 2927 943 2976 tortured
955 2943 1019 2976 were

110 2985 202 3090 [³⁰leth
214 3043 279 3100 last,’
291 3059 322 3091 en
332 3043 429 3092 odverb.
462 3045 508 3092 See
522 3045 602 3092 Gracc
614 3044 628 3097 b
641 3048 691 3094 109.
704 3053 760 3093 note
772 3047 793 3093 l.

139 3108 148 3131 ³
158 3108 165 3129 ‘
175 3103 248 3159 Now,
263 3103 334 3151 when
345 3118 406 3151 even
416 3103 486 3151 those
496 3103 551 3172 who
562 3103 623 3151 have
635 3102 761 3169 consesssd
770 3104 865 3153 receive
876 3121 890 3152 a
901 3104 1017 3164 hearing.'

113 3161 377 3281 qurpqpqegquqehppp
386 3163 583 3282 iblirdlioiidntiine
594 3222 656 3270 been
666 3221 768 3271 doomed
779 3231 805 3270 to
815 3221 904 3271 death.¹

140 3280 337 3328 “Uorewarded
348 3281 430 3328 scara!
970 3306 973 3314 ·

104 3412 108 3416 .
138 3340 178 3386 Ἀ
189 3339 361 3408 strengthened
371 3338 512 3408 expression
521 3339 558 3388 fot
567 3343 647 3398 odisti,
663 3340 737 3390 ‘thou
750 3340 855 3389 hatest-,¹
877 3354 965 3401 mosas
978 3339 1035 3381 urso

115 3398 636 3522 ”fhff‘llllllfhh‘i‘llfh‘nu
646 3457 774 3511 autum
787 3452 836 3503 ua
847 3445 981 3510 assues
993 3445 1072 3484 *m*
