2274 3772
485 160 577 216 arsen
603 176 642 215 rv.
978 161 1016 217 09

110 286 190 355 regis.
224 285 275 346 Qui
288 288 440 355 Aegyptum
454 284 526 336 adire
540 284 674 352 testinans,
687 287 833 354 Amyntam
846 302 905 339 oum
920 283 1016 339 decem

110 355 262 410 triremibus
273 355 299 408 in
309 354 496 408 Macedoniam
509 354 542 406 ad
557 353 752 421 inquisitionem
765 371 889 407 novorum
902 355 1016 408 militum

111 427 193 479 misit.
223 426 347 494 Namque
360 425 441 476 etiam
454 423 585 475 secundis¹
598 422 776 476 atterebantur
788 425 887 493 copiae,
901 424 1016 476 devicta-

112 511 222 564 rumque
241 495 363 564 gentium
383 492 460 546 militi
481 493 565 545 minor
584 508 665 561 quam
685 491 829 546 domestico
850 493 916 545 fides
936 493 1017 547 habe-

112 565 195 616 batur.

146 638 186 685 29.
208 632 341 701 Aegyptii,
355 631 428 683 olim²
440 631 579 683 Persarum
598 630 692 700 opibus
709 630 813 699 infensi,
826 633 923 700 quippe
936 649 1015 684 avare

110 710 138 754 et
150 701 263 772 superbe
277 702 454 770 imperitatum
469 699 517 752 sibi
531 717 590 751 esse
599 699 752 768 credebant,
760 699 793 752 ad
804 717 878 770 spem
888 702 1018 754 adventus

110 771 171 840 ejus
189 780 326 823 erexerant
344 770 453 836 animos,
467 776 557 837 utpote
575 769 619 836 qui
639 769 795 838 Amyntam³
812 786 918 838 quoque
937 780 1017 822 traus-

111 841 210 909 fugam,
225 850 324 892 etcum
338 840 456 908 precario
469 839 588 906 imperio⁴
599 839 759 907 venientem,
771 839 832 891 laeti
847 855 907 892 rece
928 841 1017 892 issent.

112 911 194 979 igitur
213 910 307 976 ingens
325 906 465 960 multitudo
485 907 626 974 Pelusium,
645 924 696 976 qua
715 908 855 959 intraturus
871 858 1017 977 vitliebatnr,

110 986 281 1032 convenerat.
318 981 406 1046 Atque
419 977 462 1027 ille
475 977 587 1044 septimo
601 976 644 1028 die
665 988 804 1045 postquam
817 994 834 1028 a
846 978 917 1030 Gaza
931 980 1019 1047 copias

112 1056 240 1114 moverat,
255 1047 279 1098 in
299 1047 430 1115 regionem
452 1046 573 1114 Aegypti,
593 1062 674 1114 quam
692 1063 760 1098 nunc
773 1047 862 1099 Castra
874 1047 1019 1100 Alexandri

113 1127 218 1184 vocant,
232 1117 358 1185 pervenit.
388 1113 490 1168 Deinde
511 1115 674 1184 pedestribus
687 1116 770 1184 copiis
782 1115 915 1168 Pelusium
929 1127 1018 1186 petere

111 1186 199 1256 jussis,
213 1186 269 1254 ipse
282 1202 342 1237 oum
355 1183 479 1254 expedita
492 1183 655 1236 ‹lelectomm
669 1202 748 1241 manu
760 1184 820 1237 Nilo
833 1202 912 1236 amne
927 1195 1020 1238 vectus

113 1267 170 1308 est:
190 1272 240 1307 nec
252 1255 399 1307 sustinuere
411 1253 553 1305 adventum
569 1253 627 1322 ejus
642 1255 744 1320 Persae,
755 1252 904 1306 delectione
916 1272 1019 1332 quoque

114 1325 251 1394 perterriti.
287 1325 399 1392 Jamque
430 1321 501 1375 haud
530 1323 618 1392 procul
649 1322 771 1392 Memphi
795 1333 866 1392 erat5
893 1323 919 1376 in
943 1341 1020 1393 cuyus

114 1393 244 1464 praesidio
273 1392 400 1446 Mazaces
429 1401 531 1461 praetor
563 1393 638 1445 Darei
670 1392 782 1462 relictus,
809 1392 912 1445 Heroon
941 1410 1020 1446 amne

112 1465 257 1532 superato,⁶
274 1465 425 1532 octingenta
449 1460 547 1513 talenta
566 1461 716 1514 Alexandro
737 1478 898 1532 omnemque
921 1465 1020 1531 regiam

112 1531 307 1601 supellectilem
320 1532 435 1583 tradidit.
472 1534 495 1582 A
508 1531 628 1600 Memphi
643 1531 738 1584 codem
751 1532 859 1584 flumine
874 1541 973 1601 vectus,
987 1533 1019 1583 ad

114 1602 235 1653 interiora
248 1602 362 1671 Aegypti
374 1600 513 1670 penetrat,⁸
525 1600 731 1669 compositisque
750 1601 829 1654 rebus
848 1601 890 1662 ita,
911 1612 937 1653 ut
956 1602 1020 1654 nihil

112 1688 147 1722 ex
160 1672 241 1740 patrio
255 1671 443 1740 Aegyptiorum
458 1686 529 1720 more
544 1680 665 1737 mutaret,
685 1671 757 1722 adire
775 1672 848 1723 lovis
868 1671 1022 1723 Hammonis

111 1740 248 1792 oraculum
260 1741 359 1792 statuit.
397 1740 448 1790 lter
465 1739 597 1807 expeditis
611 1748 754 1808 quoquest
767 1741 860 1808 paucis
873 1741 917 1793 vix
929 1743 1021 1792 tolera·

114 1809 168 1862 bile
181 1809 384 1878 ingrediendum
398 1817 467 1859 erat:
489 1815 557 1859 terra
570 1809 695 1877 coeloque
708 1825 724 1859 a
744 1825 837 1861 uarum
851 1811 958 1878 penuria
972 1819 1019 1878 est,

113 1879 218 1931 steriles
230 1877 344 1930 harenae
362 1877 459 1947 jacent,
473 1893 540 1956 quas
553 1878 595 1929 ubi
610 1895 690 1946 vapor·
703 1825 764 1929 solis
776 1879 907 1946 accendit,
922 1879 1021 1930 fervido

112 1947 168 2000 solo
187 1958 314 2000 exurente
332 1947 461 2014 vestigia‚⁷
479 1946 652 1998 intolerabilis
668 1954 759 1999 aestus
777 1947 874 1999 existit.
912 1947 1022 2000 Luctan-

112 2016 232 2086 ‹lumque
251 2025 291 2070 est
310 2034 359 2070 non
379 2015 462 2068 solum
483 2032 544 2067 curn
562 2015 653 2067 ardore
668 2024 693 2066 et
707 2015 826 2068 siccitate
841 2018 959 2085 regionis,
974 2018 1019 2069 sed

112 2087 195 2139 etiarn
215 2104 276 2140 curn
298 2086 465 2139 tenacissimo
486 2085 584 2154 sabulo,
606 2085 673 2154 quod
696 2086 842 2154 praealtum
865 2097 891 2139 et
914 2087 1021 2156 vestigio

111 2155 212 2208 cedens
228 2172 307 2224 aegre
327 2155 470 2209 moliuntur
488 2155 583 2224 pedes.
616 2154 689 2206 llaec
706 2157 829 2226 Aegyptii
844 2173 904 2209 vero
923 2157 1022 2226 majora

111 2224 255 2293 jactabant.
292 2225 343 2279 Sed
366 2226 458 2293 ingens
478 2224 574 2295 cupido
594 2225 713 2277 animum
734 2225 887 2279 stimulabat
906 2225 1021 2278 adeundi

112 2294 215 2360 Jovern,
229 2311 311 2361 quem
328 2295 433 2362 generis
451 2296 491 2347 sui
510 2304 653 2362 auctorem,
670 2292 741 2346 haud
760 2304 900 2348 contentus
918 2295 1020 2347 mortali

113 2362 225 2431 fastigio,
239 2373 283 2415 aut
296 2362 420 2416 credebat
432 2380 500 2432 esse,
514 2372 559 2415 aut
571 2362 642 2414 credi
656 2361 769 2415 volebat.

143 2477 150 2499 ¹
165 2471 249 2518 ‘Even
265 2472 297 2531 by
307 2486 451 2531 prosperous
467 2471 660 2540 undertakings‚‘
678 2448 776 2529 burdes,
793 2473 882 2534 elegea,
899 2473 947 2521 duc.
980 2474 1021 2522 Se-

110 2533 197 2599 cundis
207 2530 228 2578 is
239 2530 280 2579 the
292 2540 384 2579 neuter.
415 2531 531 2580 Secundis
543 2533 609 2578 rebus
621 2546 641 2578 rs
653 2546 719 2578 more
730 2531 809 2588 usual,
822 2533 869 2581 and
885 2533 957 2580 much
974 2533 1022 2582 less

112 2592 177 2679 ”iil
197 2605 275 2709 litiis
284 2664 316 2709 up
325 2659 350 2697 to
358 2649 399 2697 the
409 2657 505 2708 present
514 2649 581 2697 time’
593 2665 693 2709 appears
702 2649 759 2698 here
770 2660 796 2697 to
807 2651 837 2698 be
849 2650 890 2698 thc
901 2653 1021 2713 meaning.

140 2709 208 2756 'See
227 2711 314 2764 above,
332 2708 401 2767 chop.
413 2713 435 2756 5.
466 2708 523 2757 The
541 2724 612 2756 name
630 2710 754 2769 Amyntas
770 2725 821 2758 was
836 2725 895 2771 very
911 2728 1022 2760 common

112 2783 183 2816 amon
211 2767 445 2815 theMacedoniarrs.

141 2832 150 2854 ⁴
163 2833 168 2853 ‘
214 2827 247 2895 ilth
264 2827 346 2874 casual
362 2827 471 2895 insecuto
487 2827 586 2896 power?
618 2827 757 2898 Precarium
768 2827 861 2936 applica
876 2830 986 2891 properly
997 2840 1023 2878 to

112 2885 164 2934 that
176 2887 256 2935 which
268 2902 305 2934 we
316 2888 397 2935 obtem
409 2888 441 2946 by
450 2897 594 2947 petrtronrng
605 2889 735 2948 (precibus),
746 2903 777 2936 an
801 2887 880 2937 whtch
889 2905 926 2937 we
937 2905 1021 2938 couse-

111 2946 213 3052 qopqqu
224 2945 280 2994 hold
293 2945 384 3052 mesrelqy
395 2945 580 3052 iitiffleri‘iie'
593 2961 620 2993 or
630 2955 654 3027 qt
666 2946 707 2994 the
719 2945 769 3016 will
780 2946 808 2994 ol
815 2950 931 3054 arrother.l
985 3006 990 3017 .

112 3017 402 3113 artheula..
415 3021 791 3124 nlth⁰0ntz⁰²nttzt¹ttt
802 3006 1022 3126 ttttlttltl

111 3121 277 3186 (Heroopolist
291 3133 316 3170 to
327 3125 368 3171 the
381 3123 434 3171 Red
447 3123 501 3171 Sea.

143 3239 147 3250 Ι
160 3181 224 3230 'lhat
238 3183 267 3239 is,
278 3199 304 3230 as
316 3182 356 3230 the
369 3182 492 3243 following
503 3193 555 3242 part
566 3181 595 3230 ol
601 3182 643 3252 the
654 3183 773 3232 narrative
784 3183 875 3240 shows,
886 3193 927 3232 not
939 3199 970 3242 up
982 3183 1022 3232 the

112 3238 303 3362 liidieie'itiigpyhir
315 3242 405 3302 Egypt,
419 3244 462 3290 but
479 3243 551 3289 down
566 3241 607 3289 the
624 3257 686 3291 rrver
703 3254 728 3290 to
745 3243 785 3292 the
798 3250 903 3291 western
918 3252 984 3302 parts
995 3242 1023 3291 ol

111 3358 255 3479 ⁹¹:203qu
249 3361 300 3468 Ἧι
305 3360 398 3420 ground
408 3360 512 3423 burning
523 3361 565 3408 the
575 3359 694 3422 footstops
703 3361 719 3419 ;'
733 3361 785 3410 that
797 3360 826 3418 is,
839 3360 881 3408 the
891 3359 940 3408 leet
951 3359 1027 3409 when
