2274 3772
491 173 583 215 arsen
609 174 637 215 v.
959 159 1015 216 12⁹

110 292 215 339 mantes
232 301 303 338 nunc
320 299 432 354 purgare
451 300 487 352 se,
506 299 576 336 nunc
591 282 754 337 Artabazum
771 299 852 353 orare,
865 290 893 336 ut
905 300 1014 338 causam

110 355 227 425 ipsorum
251 363 372 423 tueretur,
393 369 540 423 precesque
563 352 698 421 perferret.
741 352 784 406 Sic
803 363 910 423 peracta
929 363 1013 425 nocte,

111 423 161 478 sub
179 424 246 476 lucis
265 437 385 476 exortum
404 422 575 475 Nabarzanes
594 439 656 475 curu
676 422 821 475 Bactrianis
839 422 969 475 militibus
986 424 1014 476 in

110 493 242 547 vestibulo
260 492 381 562 praetorii
400 492 527 554 aderant,¹
541 490 646 544 titulum
663 491 798 545 sollemnis
815 491 896 544 officii
912 492 1015 545 occulto

111 562 205 616 sceleri
220 559 409 632 praeferentes.
445 562 553 628 Dareus,
568 561 641 628 signo
653 560 687 613 ad
700 560 816 614 eundum
828 561 898 628 dato,
910 578 1015 614 carrum

110 631 217 701 pristino
237 648 309 684 more
327 631 487 684 conscendit.
522 630 694 683 Nabarzanes
720 631 853 699 ceterique
871 630 1016 700 parricidae

110 700 313 770 procumbentes
336 699 419 768 humi,
440 717 522 769 quem
545 699 623 769 paulo
643 709 701 769 post
720 700 747 753 in
766 699 880 753 vinculis
902 699 1016 753 habituri

106 781 185 822 erant
199 769 346 824 sustinuere
356 770 484 838 venerari,
498 769 620 822 lacrimas
632 770 714 822 etiam
726 770 904 840 poenitentiae
916 769 1017 822 indices

128 839 297 891 rofuderunt:
322 839 389 891 adeo
413 838 536 891 humanis
559 839 671 906 ingeniis
690 840 790 908 parata²
810 839 942 892 simulatio
966 847 1015 892 est.

110 855 208 961 Breces
219 908 315 961 deinde
328 925 378 977 sup
395 907 479 960 liciter
491 908 613 960 admotae
626 909 748 977 Dareum,
762 916 854 961 natura
867 909 1017 978 simplicem

87 1016 92 1023 .
111 985 138 1029 et
150 979 251 1046 mitem,
265 994 315 1030 non
327 925 434 1030 creclere
447 978 524 1031 modo
537 994 604 1098 (puae
615 977 791 1046 affirmabant,
802 978 848 1030 sed
860 978 924 1030 flere
936 979 1017 1031 etiam

111 1051 265 1114 coegerunt.
306 1050 347 1099 Ac
366 1063 401 1098 ne
420 1054 476 1099 turn
496 1047 540 1116 qui
560 1063 605 1099 em
625 1046 732 1115 cogitati
752 1047 861 1100 sceleris
880 1048 1015 1116 poenituit,

110 1131 173 1168 curn
193 1115 373 1185 intuerentur,³
384 1115 492 1184 qualem
509 1124 536 1168 et
555 1133 645 1184 regem
662 1125 688 1169 et
701 1115 784 1169 virum
804 1115 933 1169 fallerent.
968 1117 1017 1169 Ille

110 1184 220 1254 quidem
249 1200 358 1237 securus
381 1185 490 1255 periculi
513 1185 583 1254 quod
606 1185 728 1254 instabat,
749 1185 892 1238 Alexandri
913 1202 1015 1255 manus,

111 1270 178 1324 ques
189 1271 217 1305 so
228 1271 258 1305 as
270 1254 388 1323 timebat,
402 1253 520 1322 effugere
533 1254 696 1325 properabat.

73 1333 76 1339 '
147 1328 188 1376 30.
208 1324 302 1376 Patron
314 1333 411 1392 autem,
421 1324 581 1376 Graecorum
594 1324 656 1394 dux,
669 1323 806 1394 praecipit⁴
818 1323 880 1392 suis,
894 1331 923 1376 ut
934 1340 1015 1393 arma,

111 1409 181 1462 quac
202 1393 227 1444 in
248 1392 358 1445 sarcinis
377 1401 455 1448 antea
478 1393 637 1462 ferebantur,
657 1393 803 1462 induerent,
821 1393 854 1445 ad
873 1409 951 1445 omne
970 1393 1016 1445 im·

149 1463 216 1514 rium
237 1479 315 1514 suum
335 1462 418 1531 parati
438 1473 464 1514 et
484 1463 586 1515 intenti.
628 1463 689 1531 lpse
709 1479 814 1515 currum
833 1463 904 1530 regis
923 1478 1017 1530 seque·

147 1538 195 1599 tur,
214 1531 345 1584 occasioni
368 1532 521 1584 imminens⁶
542 1532 693 1600 alloquendi
717 1549 796 1585 eum:
821 1532 919 1600 quippe
943 1531 1017 1584 Bessi

111 1599 215 1652 facinus
232 1610 421 1670 praesenserat.
457 1600 508 1653 Sed
527 1602 630 1670 Bessus,
644 1601 694 1653 idi
714 1619 773 1654 sum
786 1610 915 1671 metuens,
928 1608 1018 1653 custos

111 1669 207 1738 verius,
220 1685 301 1738 quam
313 1686 410 1738 comes,
423 1687 440 1722 a
452 1687 528 1722 curru
541 1687 592 1723 non
604 1619 753 1724 recedebat.
787 1671 837 1722 Diu
849 1687 910 1738 crgo
922 1670 1015 1723 Patron

112 1748 256 1808 cunctatus,
275 1755 307 1791 ac
326 1739 431 1808 saepius
448 1755 568 1792 sermone
587 1740 742 1807 revocatus,⁶
758 1741 825 1792 inter
841 1739 920 1792 fidem
941 1741 1016 1791 timo·

112 1824 221 1876 remque
233 1808 368 1861 haesitans
380 1825 471 1875 regern
483 1808 641 1861 intuebatur.
677 1808 729 1866 Qui
741 1816 770 1861 ut
782 1807 890 1860 tandem
902 1807 1017 1860 advertit

111 1878 209 1947 oculos,
224 1877 348 1930 Bubacen
361 1876 505 1946 spadonem
519 1879 585 1930 inter
597 1877 729 1946 proximos
740 1894 843 1931 currum
861 1885 1017 1945 sequentem

112 1947 257 2016 percontari
273 1946 357 2016 jubet,
373 1946 502 2015 numquid
517 1947 525 1997 i
545 1946 566 1998 si
579 1945 644 1998 velit
657 1945 752 1999 dicere.
789 1946 891 2014 Patron,
905 1963 933 1998 se
946 1962 1016 2014 vero,

112 2015 160 2068 sed
172 2016 279 2068 remotis
291 2015 400 2084 arbitris,
410 2015 482 2084 loqui
493 1965 563 2068 velle
574 2032 637 2067 cum
649 2031 688 2083 eo,
699 2015 840 2084 respondit.
870 2015 1017 2083 lassusque

130 2085 219 2154 ropius
237 2084 372 2154 accedere,
392 2084 448 2138 sine
466 2085 614 2154 interprete,
636 2101 697 2138 narn
719 2083 789 2137 haud
809 2084 880 2137 rudis
899 2086 1017 2137 Graecae

148 2171 217 2223 guae
235 2152 336 2208 Dareus
353 2163 424 2207 erat:
448 2154 514 2216 Rex,
532 2155 624 2224 inquit,
643 2171 677 2206 ex
695 2154 716 2207 L
734 2153 840 2207 milibus
856 2155 1017 2206 Graecorum

112 2240 285 2293 supersumus
296 2223 382 2294 pauci,
395 2225 480 2277 omnis
495 2225 614 2276 fortunae
626 2232 688 2276 tuae
700 2225 818 2293 comites,
832 2231 859 2275 et
871 2223 897 2275 in
911 2224 960 2275 hoc
972 2232 1018 2275 tuo

112 2300 182 2344 statu
192 2293 280 2361 iidem,
290 2293 336 2362 qni
348 2293 457 2346 florente
470 2302 496 2346 te
509 2293 614 2362 fuimus,
625 2310 795 2362 quascunque
804 2303 887 2345 terras
894 2291 1016 2360 elegeris,

112 2376 158 2430 pro
167 2359 249 2430 patria
260 2370 286 2414 et
298 2363 452 2414 domesticis
462 2363 539 2416 rebus
547 2363 661 2432 petituri.
691 2362 827 2415 Secundae
836 2361 1017 2430 adversaeque

112 2445 156 2482 res
168 2438 229 2482 tuae
241 2431 396 2500 copulavere
409 2448 458 2483 nos
469 2439 567 2484 tecum.
603 2432 653 2484 Per
661 2430 729 2483 hanc
742 2430 822 2483 tidem
836 2430 962 2483 invictam
973 2445 1019 2482 oro

112 2507 139 2551 et
151 2498 274 2569 obtestor,
287 2499 314 2551 in
326 2499 420 2552 nostris
429 2501 521 2552 castris
529 2499 577 2553 tibi
586 2499 785 2552 tabernaculum
798 2506 893 2565 statue,
904 2515 951 2551 nos
962 2514 1017 2550 cor·

111 2570 183 2638 poris
200 2570 237 2621 tui
256 2569 379 2621 custodes
395 2585 456 2621 esse
473 2569 589 2638 patiaris.
625 2567 770 2621 Omisimus
787 2567 932 2637 Graeciam,
945 2567 1018 2620 nulla

142 2704 307 2752 ¹Forcderct.
339 2703 385 2750 See
399 2704 567 2772 (laomim,
580 2706 602 2751 3
672 2762 678 2772 ⁶

140 2768 150 2793 ¹
162 2762 202 2811 ‘fs
211 2762 328 2868 ppepared
336 2762 352 2820 ;'
364 2762 417 2810 that
428 2778 457 2820 rs,
471 2763 568 2812 ‘stands
579 2777 604 2810 ιιι
613 2761 736 2813 readiness
746 2760 801 2819 for‚’
814 2776 842 2810 or
852 2765 889 2810 ‘at
899 2761 941 2811 the
952 2777 1017 2811 com·

112 2821 231 2928 melil'illi
241 2890 290 2928 tam
299 2897 351 2928 cam
360 2895 398 2928 we
414 2880 501 2929 should
516 2890 601 2940 expect
617 2880 659 2928 the
675 2880 817 2950 indicariv03
834 2882 878 2928 but
888 2897 939 2930 cam
949 2887 1019 2934 (even

112 2943 244 3008 temporale)
255 2955 311 2999 may
322 2940 413 2998 always
429 2941 458 2987 be
474 2940 587 2988 followed
600 2942 632 3000 by
642 2939 684 2988 the
694 2939 819 3000 imperfect
829 2939 876 2988 and
885 2939 1018 3000 pluperfect

113 3001 280 3127 ,sul'illiliiiipit
291 2999 462 3106 clihdhiineirl'
475 2999 668 3107 §rih9hiilihcal
678 3067 776 3117 present
786 3072 843 3168 map
852 3059 883 3106 be
893 3055 1017 3113 followed,

114 3116 177 3208 ¹⁰5¹?
195 3117 701 3244 tlt}⁰ltttt’.lttt³ttttttt...it;
711 3117 906 3257 llhignglll}
916 3173 976 3230 <aaa
986 3173 1016 3231 a,

113 3234 442 3344 '⁶3‘lyci‘l12l‘rlllnrll'd
450 3235 860 3355 gggpgggt‚rtffgttgfuffigrmffl
880 3291 1020 3340 samaras.

114 3353 217 3414 brought
233 3348 283 3400 him
300 3363 325 3402 tc
341 3354 382 3401 the
398 3368 457 3413 very
468 3353 537 3461 point
554 3328 582 3401 oi
598 3351 738 3415 addressing
754 3352 796 3402 the
813 3352 881 3412 king,
898 3349 946 3399 eud
961 3349 1020 3400 then

114 3413 185 3475 again
195 3411 314 3473 suddenly
324 3412 397 3462 drove
407 3411 459 3461 him
486 3410 540 3461 ach.
