2274 3772
112 107 167 163 tta
376 123 415 162 iia
439 122 543 162 cassis
564 121 748 162 saaxiuuai.

109 230 206 284 locum.
241 230 335 299 Itaque
347 229 531 300 suppliciorum
544 245 649 298 quoque
667 238 741 282 metu
760 228 875 299 perculsi
893 229 931 282 ad
951 229 1020 300 Sisy-

108 298 234 368 gambim‚
256 299 334 353 Darei
353 309 474 367 matrem,
495 299 598 351 occulto
622 298 715 351 itinere
735 299 822 366 ignoto
841 315 876 350 ue
898 299 1020 353 hostibus

110 370 216 421 mittunt
234 369 280 436 qui
298 376 424 437 peterent,
443 378 471 420 ut
490 369 547 437 ipsa
565 384 655 435 regem
674 367 815 436 mitigaret,
853 368 905 420 aud
927 369 1018 437 ignari

110 440 226 506 parentis
246 454 306 490 eain
327 437 382 489 loco
402 436 476 505 diligi
496 437 609 505 colique.
646 437 680 488 Et
700 435 825 488 Medates
845 438 942 491 sororis
962 437 1020 507 ejus

110 507 193 559 filiam
213 523 303 559 secum
324 507 489 559 matrimonio
509 505 636 575 junxerat,
657 506 772 558 Dareum
793 506 942 575 propinqua
960 524 1018 575 cog-

109 576 214 628 natione
243 575 404 643 contingens.
440 576 491 628 Diu
521 574 684 644 Sisygembis
713 575 862 694 supplicum
893 576 1017 644 precibus

109 646 271 713 repugnavit,
289 644 415 714 abnuens,
429 643 642 714 deprecationem
663 660 708 712 pro
726 642 744 694 il
756 643 780 696 is
797 645 859 696 non¹
877 644 1018 697 convenire

109 713 236 782 fortunae,
255 713 280 765 iri
299 730 351 781 que
369 725 454 767 esset:
473 714 625 783 adjicitque‚
643 721 764 765 metuere
782 730 850 780 sese,
864 731 898 766 ne
910 713 1017 767 victoris

11 841 13 844 y
110 781 299 850 indulgentiam
312 783 441 853 fatigaret,
454 784 613 852 saepiusque
627 781 748 861 cogitare²
758 782 893 851 captivam
905 794 966 836 esse
978 800 1014 853 se,

109 868 190 921 quern
204 853 319 919 reginam
333 851 424 904 luisse.
460 851 502 905 Ad
515 851 636 904 ultimum
645 852 717 902 victa
728 849 823 907 litteris
834 843 1017 906 Alexandrum

111 922 147 972 ita
166 920 308 989 deprecata
326 929 382 973 est:
407 929 436 974 ut
455 921 541 990 ipsam
560 928 706 989 excusaret,
727 919 796 988 quod
816 919 1016 990 deprecaretur:

109 999 198 1059 petere
211 1007 247 1058 se,
261 1001 289 1042 ut
302 990 353 1042 illis
364 1007 485 1060 quoque3
503 991 525 1042 si
544 990 651 1055 miuus,2
664 989 714 1043 sibi
725 989 888 1056 ignosceret:
908 1008 956 1060 pro
973 1008 1016 1044 iia·

110 1059 236 1111 cesserio³
246 1060 433 1140 acpropinquo
448 1076 503 1128 suo,
519 1059 575 1128 jam
593 1075 645 1111 noii
662 1057 745 1127 hoste,
759 1058 805 1110 sed
818 1058 949 1129 supplice,
964 1071 1016 1113 tau-

109 1136 166 1181 tum
190 1129 273 1181 vitam
298 1145 409 1198 precari.
451 1128 662 1181 Moderationem
688 1128 913 1197 clementiamque
940 1128 1015 1198 regis,

127 1215 176 1250 uae
193 1206 254 1251 tunc
270 1198 327 1267 luit,
340 1198 458 1250 vel⁴una
469 1196 537 1250 haec
556 1213 598 1248 res
615 1196 696 1266 possit
714 1196 868 1250 ostendere:
888 1215 939 1250 riori
958 1199 1016 1252 Ma-

108 1215 163 1320 dati
175 1267 253 1320 modo
266 1268 370 1336 ignovit,
385 1267 432 1320 sed
447 1283 541 1320 omnes
558 1276 584 1318 et
602 1265 705 1318 deditos
721 1275 748 1319 et
764 1266 883 1335 captivos
894 1267 1015 1321 libertate

108 1345 187 1405 atque
211 1337 379 1389 immunitate
403 1337 516 1405 donavit,
538 1334 631 1388 urbem
655 1334 760 1404 reliquit
784 1336 919 1406 intactam,
941 1353 1016 1406 agros

22 1404 27 1413 ‘
109 1407 166 1458 sirie
184 1405 280 1457 tributo
298 1405 384 1458 colere
401 1405 529 1475 permisit.
566 1406 591 1458 A
608 1404 708 1457 victora
731 1405 816 1459 Dareo
836 1405 912 1474 plura
931 1415 1016 1459 mater

109 1491 159 1527 non
173 1473 347 1542 impetrasset.

146 1548 185 1596 12.
204 1542 331 1596 Uxiorum
349 1543 410 1596 dein
428 1550 537 1612 gentem
554 1541 692 1595 subactam
710 1541 880 1598 Susianorum
896 1551 1016 1614 satrapae

108 1611 263 1665 contribuit:
288 1611 432 1681 divisisque
455 1629 518 1665 cum
542 1611 715 1664 Parmenione
738 1612 828 1682 copiis,
849 1611 925 1665 illum
945 1628 1016 1667 cam·

108 1681 188 1760 pestri
212 1681 304 1733 itinere
327 1681 470 1750 procedere
492 1680 582 1749 jubet5
606 1681 662 1750 ipse
682 1698 745 1734 cum
763 1681 889 1751 expedito
909 1683 1017 1750 agmina

107 1768 201 1820 jugum
219 1750 349 1805 montium
364 1751 443 1820 cepit,
457 1767 567 1821 quoium
586 1758 742 1820 perpetuum
760 1750 867 1804 dorsum
886 1751 912 1803 iri
930 1751 1015 1805 Perai-

108 1819 171 1873 dem
192 1819 315 1873 excurrit.
351 1820 428 1873 Omni
445 1819 496 1874 hac
513 1820 619 1886 regione
637 1821 759 1888 vastata,⁶
777 1820 851 1872 tertio
868 1819 913 1872 die
930 1820 1016 1875 Persi·

107 1889 178 1955 dem,
196 1889 285 1958 quinto
302 1890 444 1958 angustias,
461 1888 584 1959 quas-illi
603 1888 711 1941 Susidas
727 1889 803 1958 pylas
815 1898 918 1958 vocarit,
930 1889 1017 1942 intrat

108 1959 299 2011 Ariobarzanes
321 1958 371 2012 has
392 1977 455 2012 cum
477 1958 547 2012 XXV
567 1956 676 2010 milibus
693 1957 816 2059 peditum
838 1968 1017 2027 occupaverat

108 2043 193 2095 rupes,
212 2027 330 2079 abscisas
348 2037 376 2081 et
395 2028 511 2096 undique
531 2043 624 2096 praeru
644 2035 692 2095 tas,
722 2027 878 2096 inquorum
897 2028 1015 2089 cacumi-

111 2095 190 2146 nibus
202 2104 275 2147 extra
292 2096 337 2147 teli
358 2097 455 2149 'actum
468 2096 570 2149 barbari
583 2044 696 2165 stridant,
708 2096 742 2148 de
754 2095 881 2149 industria
892 2097 978 2165 quieti
990 2105 1017 2149 et

108 2163 266 2233 paventibus
289 2164 348 2217 simi
362 2182 399 2234 es,
420 2164 504 2217 donec
527 2164 553 2217 iii
576 2163 722 2217 artissimas
740 2164 832 2217 fauces
852 2169 1015 2234 penetraret⁷

107 2249 213 2301 agmen.
256 2232 330 2290 Quod
350 2235 395 2286 ubi
412 2242 565 2302 contemptu
583 2234 624 2285 sui
641 2251 750 2302 pergere
768 2233 867 2303 vident,
881 2243 938 2287 tum
951 2251 1016 2287 varo

108 2301 221 2370 ingentis
244 2303 432 2369 magnitudinis
452 2319 516 2355 saxa
536 2319 583 2370 per
603 2303 731 2356 montium
750 2303 840 2372 prone⁸
856 2303 1014 2373 devolvunt,

108 2387 177 2441 quae
196 2371 302 2431 incussa
320 2374 428 2443 saepias
446 2371 646 2440 subjacentibus
663 2373 744 2440 petris
762 2372 861 2425 ma'ore
873 2373 900 2425 vi
915 2372 1017 2429 incide·

108 2440 179 2509 berit,
200 2458 251 2493 nec
269 2441 385 2510 singulos
403 2442 489 2510 modo,
511 2440 558 2495 sed
578 2441 684 2508 agmina
703 2390 878 2510 proterebant.
915 2440 1018 2495 Fundis

108 2527 212 2579 quoque
235 2513 340 2565 excussi
365 2512 468 2582 lapidea
491 2519 517 2563 et
541 2510 653 2579 sagittae
676 2510 791 2579 undique
814 2511 1013 2580 ingerebantur.

138 2651 145 2673 ¹
156 2646 194 2693 As
205 2649 304 2694 abnuere
314 2645 334 2693 is
345 2644 482 2704 equivalent
493 2652 518 2691 to
528 2660 622 2711 negare,
635 2643 684 2692 this
698 2661 746 2692 non
759 2644 781 2692 is
793 2645 954 2704 superfluous,
967 2612 1016 2698 aad

109 2703 486 2831 cappatipqupppqqrqoqpqpplybppp
490 2702 649 2820 dffdidiiiton
655 2761 683 2830 of
688 2763 760 2830 ‘not'
778 2762 825 2811 Sea
833 2763 932 2822 Zumpt,
941 2764 1015 2816 trel.

138 2825 147 2848 ¹
160 2821 197 2887 ‘A
208 2820 283 2888 friend
291 2822 308 2878 ς’
325 2822 469 2869 caesarius
480 2835 606 2887 expresses
617 2835 646 2867 an
658 2831 772 2889 intimacy
782 2823 969 2928 mihi-”mit
984 2826 1016 2885 by

109 2877 264 2937 relationship
280 2879 325 2927 and
342 2879 400 2946 long
413 2889 591 2946 acquaintance,
607 2878 653 2926 and
669 2895 695 2948 is·
706 2896 730 2928 iii
745 2896 773 2928 so
788 2880 823 2928 sai
853 2882 1016 2941 retinguished

109 2937 170 3005 froin
184 2939 272 3004 cmicm
289 2944 312 2993 (a
327 2936 402 2985 friend
418 2937 446 2984 of
457 2937 539 2985 choice
555 2937 602 2986 and
617 2937 745 2995 affection),
758 2939 805 2987 and
812 2941 948 3000 familiaria
959 2951 1016 2997 tone

109 2996 270 3102 leqiiilvneiih’e
281 3011 347 3044 same
358 2995 451 3050 house.)

138 3122 146 3146 ¹
158 3114 198 3162 No
209 3091 284 3161 dotibt
295 3115 398 3161 because
409 3114 450 3162 the
461 3114 639 3163 mountaineers
650 3114 731 3163 would
743 3125 784 3165 not
795 3118 886 3166 submit

136 3180 145 3204 ⁸
159 3172 287 3228 ‘lsolated
300 3171 347 3219 aad
357 3183 425 3231 steep
435 3188 467 3221 on
477 3174 509 3221 all
520 3173 600 3221 sides!

137 3232 211 3280 'The
222 3231 373 3300 subjunctive
381 3232 407 3299 ,is
420 3232 479 3300 used
495 3233 627 3338 becauqetit
638 3249 766 3340 exprseqsrea
777 3235 818 3283 tlie
829 3236 908 3296 object
919 3251 948 3285 or
957 3251 1014 3296 pur·

108 3290 773 3414 ttit‘tlttgttttttttttttttl.witti...
790 3353 837 3403 ss.
848 3353 1013 3408 cantara

128 3627 149 3671 Ι
