2274 3772
141 181 200 239 2⁴2
405 196 445 237 ua
468 194 576 238 suanis
598 197 783 238 anaxarmar.

139 305 253 359 invictos
269 305 366 358 ceteris
377 322 411 359 ne
423 320 486 358 auro
503 305 612 374 quidem
624 305 703 358 vinci.
738 305 834 358 Oculos
851 321 912 374 ergo
930 309 1053 375 primum

140 390 232 428 eorum
253 373 359 428 sordida
380 375 469 427 omnia
491 382 518 427 et
541 374 653 428 humilia
676 375 851 444 spectantium
874 375 1001 444 capiam,¹
1023 387 1054 429 et

140 443 248 513 docebo,
264 460 314 496 nos
331 461 384 498 non
400 443 458 497 auri
475 452 521 496 aut
539 445 640 512 argenti
657 443 775 513 cupidos,
792 443 839 497 sed
856 443 949 496 orbem
967 453 1051 498 terra·

139 529 198 565 rum
217 513 371 566 subacturos
389 513 488 568 venire.
524 513 611 571 Quam
630 513 740 581 gloriam
760 521 796 582 tu,
815 511 953 582 parricida,
967 512 1051 566 iater-

139 582 226 651 cipere
235 582 347 653 voluisti,
357 591 384 635 et
396 582 567 651 Macedonas,
580 598 643 650 rege
654 581 787 651 adempto,
796 581 910 634 devictis
920 583 1052 649 gentibus

139 649 244 715 dedere.
280 654 316 705 At
334 669 404 705 nunc
422 667 515 704 mones
530 668 581 719 me,
596 661 624 704 ut
637 651 731 703 vestris
749 651 901 720 parentibus
919 652 1049 718 parcam!

139 720 198 773 Non
209 720 345 790 oportebat
355 721 466 790 quidem
479 737 525 772 vos
537 721 611 789 scire,
625 719 686 789 quid
706 721 739 772 de
759 720 802 772 his
820 719 979 788 statuissem,
995 737 1052 788 quo

139 789 263 842 tristiores
280 791 407 858 periretis,
427 791 449 842 si
467 805 520 858 qua
537 790 613 842 vobis
632 799 770 858 parentum
788 789 917 842 memoria
936 798 963 839 et
983 806 1053 842 cura

139 865 195 910 est:
213 860 262 912 sed
273 859 338 912 olim
350 860 430 912 istum
442 874 542 911 morem
556 858 693 911 occidendi
707 875 768 910 cum
787 857 908 910 scelestis
928 857 1052 912 insontes

158 926 296 997 ropinquoa
314 937 489 997 parentesque
508 927 582 996 solvi,
599 936 626 979 et
643 927 770 995 profiteor,
788 927 815 979 in
834 927 928 978 eodem
948 925 1051 981 honore

138 943 238 1048 luturos
254 1013 347 1050 omnes
359 1013 411 1066 eos,
425 997 514 1065 inquo
526 995 639 1049 luerunt.
674 996 744 1048 Nam
764 1002 837 1048 tuum
856 994 1050 1067 Callisthenen,

138 1064 181 1117 cui
200 1065 246 1118 uni
263 1066 303 1119 vir
320 1064 425 1135 videris,
437 1067 501 1135 quia
519 1066 584 1117 latro
602 1081 639 1133 es,
658 1066 719 1133 scio,
735 1082 783 1116 our
795 1064 901 1134 produci
914 1065 997 1118 velis:
1021 1076 1050 1118 ut

138 1149 227 1186 eoram
246 1133 288 1188 his
307 1134 407 1204 probra,
420 1152 490 1256 quae
510 1134 536 1187 in
557 1151 601 1187 me
622 1132 699 1186 modo
718 1132 812 1202 jecisti,
830 1133 908 1185 modo
928 1134 1051 1204 audisti,²

138 1202 209 1256 illius
220 1220 324 1274 quoque
337 1219 381 1256 cre
395 1221 423 1256 re
435 1211 548 1256 erantur.
584 1203 678 1271 Quem,
693 1203 715 1254 si
733 1203 847 1255 Macedo
860 1211 938 1269 esset,
953 1212 1049 1258 tecum

139 1272 348 1343 introduxissent,
369 1273 552 1340 dignissimum
576 1280 603 1326 te
626 1271 752 1341 discipulo
777 1270 947 1339 magistrum:
974 1291 1055 1327 nunc.

137 1340 262 1410 Olynthio
273 1358 323 1395 non
335 1342 407 1395 idem
418 1342 485 1412 juris
496 1342 557 1394 est.³

173 1415 214 1461 29.
233 1411 294 1463 Post
312 1411 380 1468 haec
397 1411 536 1463 consilium
549 1410 659 1479 dimisit,
672 1409 792 1477 tradique
805 1409 942 1462 damnatos
959 1409 1048 1464 horni-

138 1477 220 1548 nibus,
240 1480 339 1548 quiex
361 1478 455 1531 eadem
479 1480 586 1531 cohorte
609 1487 690 1547 erant,
710 1477 795 1547 jussit.
840 1477 887 1546 llli,
908 1487 937 1530 ut
961 1479 1047 1534 fidem

137 1563 211 1599 snam
242 1548 352 1600 saevitia
383 1549 436 1614 regi
471 1547 651 1618 approbarent,
679 1547 843 1600 excruciatos
871 1558 1047 1602 necaverunt.

137 1615 311 1669 Callisthenes
333 1633 385 1685 quo
405 1633 438 1668 ue
465 1625 547 1677 tortus
568 1617 684 1685 interiit,⁴
707 1617 764 1669 initi
788 1615 887 1669 consilii
911 1617 938 1668 in
963 1627 1049 1687 caput

137 1685 205 1754 regr's
216 1686 345 1765 innoxius,
358 1634 405 1738 seg
425 1684 631 1757 haudquaquam
648 1685 726 1739 aulae
744 1695 770 1738 et
790 1687 980 1739 assentantium
1001 1705 1048 1740 ac-

136 1755 319 1808 commodatus
336 1755 449 1823 mgenio.
486 1755 578 1834 ltaque
596 1755 693 1809 nullius
711 1755 809 1808 caedes
825 1753 953 1823 majorem
971 1757 1049 1826 apud

135 1824 251 1877 Graecos
261 1824 412 1878 Alexandro
429 1824 553 1877 excitavit
572 1824 707 1893 invidiam,
721 1823 790 1894 quod
809 1823 959 1893 praeditum
976 1826 1048 1895 opti-

135 1893 186 1947 mis
203 1893 321 1947 moribus
339 1893 499 1964 artibusque,
512 1911 529 1945 a
541 1911 593 1964 quo
605 1901 744 1947 revocatus
761 1893 795 1945 ad
808 1893 889 1945 vitam
902 1902 966 1962 erat,
980 1911 1049 1949 cum

133 1962 271 2017 interfecto
290 1963 358 2017 Clito
375 1964 441 2016 mori
461 1972 648 2034 perseveraret,
660 1979 712 2015 non
729 1970 830 2015 tantum
846 1962 980 2030 occiderit,
996 1965 1048 2018 sed

136 2032 217 2086 etiam
241 2033 342 2084 torserit
366 2032 465 2085 indicta
488 2032 598 2102 quidem
621 2049 710 2086 causa.
747 2031 832 2090 Quam
856 2031 1048 2088 crudelitatem

135 2116 193 2151 sera
205 2101 368 2169 poenitentia
379 2110 521 2154 consecuta
533 2111 583 2154 est.

169 2172 210 2220 ³0.
229 2168 281 2220 Sed
304 2185 338 2221 ne
362 2170 445 2222 otium
470 2167 589 2223 serendis
611 2170 759 2223 rumoribus
782 2177 874 2222 natum
897 2168 990 2239 aleret,
1019 2173 1047 2226 in

135 2236 237 2290 Indiam
260 2239 350 2307 movit,
374 2254 480 2307 semper
503 2238 572 2291 bello
595 2256 676 2308 quarn
700 2249 757 2309 post
779 2239 913 2291 victoriam
939 2239 1046 2295 clarior.

134 2305 209 2359 ludia
232 2314 285 2359 tota
307 2305 391 2359 fenne
415 2315 517 2376 spectet
540 2308 682 2378 Orientem,
704 2310 792 2361 minus
815 2308 841 2360 in
865 2307 1045 2379 latitudinem,

133 2393 214 2446 quarn
235 2384 306 2430 recta
327 2376 432 2444 regione
453 2376 575 2446 spatiosa.
591 2447 593 2450 y
611 2377 685 2435 Quae
701 2381 828 2430 Austrum
845 2377 1000 2447 accipiunt,⁶
1019 2381 1047 2434 in

162 2559 168 2580 ¹
182 2557 188 2579 ‘
198 2552 210 2600 1
221 2552 271 2600 will
281 2552 332 2600 first
344 2552 401 2599 take
413 2551 473 2607 (that
485 2551 513 2608 is,
526 2551 635 2606 enohain)
647 2551 708 2599 their
719 2567 785 2611 eyes,
797 2551 868 2598 while
880 2550 939 2610 they
949 2551 1008 2600 look
1019 2569 1045 2602 at

129 2609 165 2657 all
175 2611 224 2658 this
235 2610 299 2671 (gold
310 2611 355 2660 and
366 2611 447 2664 silver)
459 2611 483 2658 in
494 2626 605 2659 common
615 2626 658 2658 use
675 2620 785 2670 amongst
801 2627 838 2667 us,
851 2609 897 2657 and
908 2621 951 2669 put
963 2623 992 2660 to
1001 2613 1045 2662 the

133 2669 255 2717 humblest
266 2670 398 2730 purposes.¹
710 2721 713 2724 ,
840 2697 842 2700 >
956 2729 960 2734 ι

161 2726 225 2774 ²⁴In
240 2728 310 2777 order
323 2728 375 2776 that
393 2728 434 2776 the
449 2743 474 2775 re
492 2727 591 2776 roaches
608 2727 687 2776 which
703 2743 751 2787 you
767 2728 800 2783 (in
815 2742 875 2788 your
886 2731 1043 2779 treasonabla

132 2786 801 2906 ttttttttltrt⁰tttt¹,lttthttttttt
811 2786 1043 2906 ildrlffillhffll‘l

133 2901 492 3031 weffnchltlslhhlglffl'rhererore,
505 2971 546 3010 not
563 2963 659 3069 beinga
670 2963 749 3011 native
761 2962 930 3032 Macedonian,
943 2964 985 3013 did
996 2978 1042 3016 not

104 3041 106 3046 ·
132 3035 203 3082 curcy
213 3019 256 3088 the
266 3019 330 3100 rpght
341 3020 369 3089 οξ
380 3023 455 3089 being
468 3021 559 3083 judged
574 3023 607 3082 by
635 3038 655 3069 rs
665 3037 750 3081 peers;
768 3023 811 3070 but
822 3022 860 3071 hrs
871 3020 919 3071 fate
931 3039 983 3073 was
995 3025 1040 3075 leit

131 3078 357 3198 w‘tlhechtllllirigdteoc
358 3095 429 3186 1οεῑἚὲῐ
438 3139 575 3204 historians,
585 3138 758 3196 Callisthenes,
770 3156 847 3189 seven
861 3141 960 3190 months
976 3143 1041 3194 after

131 3198 172 3246 the
183 3206 268 3246 events
278 3211 333 3245 now
344 3196 442 3254 related,
455 3198 533 3246 dieda
543 3198 635 3247 natural
646 3199 785 3247 death-in
795 3200 884 3258 prison,
897 3199 1022 3252 however.

136 3296 139 3300 .
160 3264 168 3288 ¹
180 3256 277 3305 ‘These
286 3264 351 3316 parts
358 3255 438 3304 which
444 3257 536 3305 receive
546 3264 593 3312 (ara
602 3259 689 3306 turned
697 3258 811 3313 towards)
821 3259 863 3307 the
874 3259 947 3308 south
955 3262 1036 3321 wind;

123 3315 219 3376 tlratis,
232 3315 258 3365 iu
271 3313 380 3380 general,
393 3313 434 3364 the
450 3315 565 3365 southern
579 3326 653 3377 parts,
666 3317 707 3365 the
723 3317 892 3366 mountainous
925 3321 1039 3370 eninsutn

113 3372 150 3425 ω’
161 3375 205 3427 the
221 3374 330 3429 Deccau.
364 3374 421 3429 The
440 3374 569 3429 mountain
579 3391 655 3438 range
670 3391 705 3425 on
714 3374 758 3435 tha
769 3377 844 3424 north
854 3376 883 3443 ot
911 3377 979 3435 ndia,¹
994 3380 1036 3429 tlre

105 3430 257 3504 ffimalaya,
272 3455 328 3494 was
337 3437 421 3494 called
430 3440 469 3505 by
479 3437 525 3490 the
535 3436 650 3489 molente
657 3434 797 3489 basonus,
804 3448 834 3482 aa
840 3435 944 3492 aaran
950 3438 1039 3490 sanim·
